2188 3757
424 251 559 316 380
772 249 954 314 L1n.
1016 250 1201 314 XII.
1271 250 1474 315 CAr.
1531 249 1623 314 X.

344 389 349 394 -
423 347 754 430 oporteat.
778 339 992 421 Anu)
1020 335 1555 406 Demosthenem
1587 333 1858 405 mallem
1893 334 1992 406 sic

421 429 636 520 egisse
670 440 745 496 ut
790 427 1100 518 scripsit,
1173 440 1292 496 aut
1353 429 1808 496 Ciceronem?
1869 437 1992 495 aut

420 544 537 588 eos
570 519 1157 611 praestantissimos
1205 531 1508 588 oratores
1546 517 1690 587 -alio
1713 570 1732 602 ‚
1783 543 1994 610 quam

421 609 740 703 scriptis,
804 610 1334 704 cognoscimus?
1395 609 1647 678 Melius
1700 621 1996 712 egerunt

420 697 671 805 igitur,
706 726 794 770 an
838 705 1031 806 pejus
1063 710 1091 771 ἐ’
1122 726 1278 772 nam
1326 700 1384 770 si
1439 704 1668 793 pejus,
1715 725 1814 769 sic
1867 725 1994 790 po-

416 803 559 860 tius
592 804 894 884 oportult
936 791 1071 861 dici
1093 845 1112 875 ,
1141 805 1216 860 ut
1249 792 1665 884 scripserunt
1699 818 1714 858 :
1749 791 1806 859 si
1857 815 1996 860 me-

420 881 591 967 lius,
618 884 715 952 sic
750 882 1057 973 oportuit
1090 881 1297 954 scribi
1335 896 1412 951 ut
1445 882 1786 950 dixerunt.

422 1027 429 1036 .
514 973 703 1061 Quid
764 999 927 1066 ergo
967 975 1304 1078 ?Semper
1363 974 1665 1065 sicaget
1717 985 2002 1057 orator,

418 1076 497 1132 ut
536 1063 828 1136 scribit?
882 1065 937 1134 si
994 1063 1262 1149 licebit,
1324 1089 1634 1156 semper:
1741 1061 1877 1134 uod
1929 1061 1992 1134 si

404 1153 795 1248 ‘impediant
822 1155 1156 1226 brevitate
1179 1169 1484 1248 tempora
1531 1181 1568 1224 a
1600 1089 1826 1244 judlioe
1869 1153 1995 1225 da·-

414 1255 529 1328 ta‚·
566 1246 853 1316 multum
882 1273 960 1316 ex
991 1273 1110 1329 eo,
1143 1247 1325 1338 quod
1351 1245 1576 1338 potuit
1608 1245 1781 1329 dici,
1817 1245 1994 1314 reci-

416 1335 621 1405 detur
652 1365 669 1406 ε
704 1337 917 1408 editio
947 1337 1228 1406 habebit
1257 1339 1508 1406 omnia.
1542 1343 1709 1426 Quae
1739 1343 1838 1421 (2)
1869 1362 1996 1405 au-

412 1437 550 1495 tem
594 1427 966 1498 secundum
1002 1440 1323 1498 naturam
1360 1428 1813 1515 judicantium
1851 1426 1995 1498 dic-

410 1528 479 1586 ta
514 1531 708 1607 sunt,
728 1545 867 1588 non
903 1517 996 1588 ita
1022 1520 1311 1612 posteris
1333 1519 1730 1603 tradentur,
1766 1544 1855 1588 ne
1887 1519 1995 1589 vi-

414 1607 711 1679 deantur
748 1610 1081 1703 propositi
1138 1609 1344 1690 fuisse
1369 1663 1388 1695 ‚
1437 1635 1578 1679 non
1617 1610 1984 1703 temporis.

408 1705 585 1768 Nam
631 1699 701 1769 id
756 1726 1026 1792 quoque
1091 1701 1463 1792 plurimum
1529 1700 1736 1770 refert
1766 1753 1786 1786 ‚
1846 1725 1990 1793 quo

411 1789 616 1862 modo
632 1790 837 1880 judex
858 1791 1096 1860 audire
1113 1791 1314 1877 velit:
1337 1799 1648 1885 (3)atque
1675 1792 1737 1861 ei
1758 1791 1990 1862 vultus

410 1906 582 1971 saepe
640 1882 781 1969 ipse
818 1894 1040 1949 rectus
1084 1894 1185 1950 est
1239 1880 1570 1967 dicentis,
1625 1896 1702 1951 ut
1741 1883 1987 1953 Cicero

408 1970 749 2063 praecepit.
784 1970 1077 2062 Ideoque
1111 1970 1504 2041 instandum
1524 1972 1632 2055 iis,
1656 2000 1810 2080 quae
1835 1974 1980 2065 pia-

409 2084 561 2130 cere
602 2060 1055 2152 intellexeris,
1080 2060 1525 2134 resiliendum
1573 2063 1658 2134 ab
1692 2064 1778 2136 iis
1824 2090 1978 2159 quae

406 2176 551 2221 non
588 2152 1027 2244 recipientur.
1297 2228 1303 2233 ,

322 2320 329 2327 ⁸
498 2248 733 2312 Sermo
783 2244 923 2334 ipse
973 2244 1089 2350 qui
1135 2242 1332 2316 facile
1358 2243 1652 2333 judicem
1686 2244 1982 2332 doceat,

406 2332 769 2424 optandus.
817 2340 959 2405 Nec
1002 2336 1077 2405 1d
1127 2336 1375 2405 mirum
1411 2336 1535 2420 sit,
1571 2362 1724 2407 cum
1775 2338 1987 2409 etiam

402 2424 679 2495 testium
718 2424 1027 2517 personis
1086 2426 1315 2539 aliqua
1377 2439 1783 2497 mutentur?
1809 2434 1989 2498 Pru-

404 2514 647 2587 denter
670 2518 893 2603 enim,
940 2516 1058 2611 qui
1105 2542 1260 2588 cum
1309 2518 1792 2613 interrogasset
1835 2546 1982 2615 rus·-

468 2706 549 2772 (1)
576 2707 721 2757 Forte
732 2701 1029 2773 legendum,
1046 2708 1241 2758 nollem.
1266 2709 1471 2775 Argent.
1494 2673 1648 2759 editio
1677 2709 1828 2760 habet
1849 2726 1863 2760 z
1885 2713 1981 2767 An

400 2768 758 2823 Demosthenes
775 2772 901 2823 male
913 2778 985 2823 sic
1000 2778 1178 2843 egisset
1189 2811 1206 2833 ‚
1225 2786 1282 2824 ut
1299 2778 1494 2841 scripsit
1505 2816 1522 2843 ‚
1539 2787 1629 2825 aut
1655 2773 1824 2825 Cicero
1843 2776 1874 2823 e’

465 2868 575 2941 (α)
606 2870 860 2921 Interdum
898 2872 1103 2939 Judices
1129 2874 1196 2925 ita
1230 2884 1344 2924 sunt
1381 2873 1628 2942 imperiti,
1651 2888 1705 2924 ut
1743 2892 1979 2942 saepenu-

396 2952 536 2987 mero
560 2936 623 2987 sit
650 2936 816 3013 ineptae
846 2938 1156 3005 loquendum
1177 2979 1192 3004 ‚
1211 2955 1314 3007 quo
1331 2958 1425 2991 -res
1447 2940 1509 2991 ab
1531 2941 1628 2996 iuis
1649 2938 1973 3007 intelligatur.

394 3002 812 3119 llilgputlamjzxua
828 3021 931 3055 non
952 3017 1097 3055 erunt
1116 3006 1172 3057 in
1189 3004 1407 3057 oratione
1435 3006 1663 3075 ponenda
1676 3045 1692 3071 ,
1711 3023 1828 3059 eum
1851 3007 1976 3057 seri·-

437 3166 572 3233 (3)
598 3168 803 3231 Argent.
830 3168 951 3219 edit.
984 3168 1135 3221 habet
1151 3186 1165 3220 :
1184 3182 1332 3238 atque
1363 3172 1462 3251 βίω
1493 3170 1664 3219 vultus
1695 3187 1832 3237 saepe
1857 3164 1978 3235 ἕρπ’

391 3243 549 3279 rector
560 3244 636 3281 est
656 3232 862 3283 dicentis
878 3274 893 3299 ,
912 3246 969 3283 ut
992 3230 1161 3285 Cicero
1170 3248 1411 3303 praecepzt
1423 3276 1438 3301 ‚
1458 3236 1514 3285 id
1532 3248 1627 3299 est,
1643 3248 1801 3287 orator
1816 3254 1968 3301 saepe,

390 3310 540 3361 prout
561 3315 623 3345 ex
640 3299 775 3346 vultu
792 3302 823 3347 J
826 3300 987 3349 udicis
1020 3318 1138 3355 eum
1161 3301 1434 3353 animatum
1457 3320 1556 3353 esse
1579 3302 1744 3369 videt,
1774 3320 1970 3355 sermo-

389 3376 507 3410 nem
530 3378 675 3410 suum
696 3361 844 3429 fingit
862 3382 917 3415 ac
945 3366 1136 3420 format.

2147 0 2164 511 i

2141 2170 2164 2189 ,
