2188 3757
301 190 437 278 248
695 187 873 255 an.
931 188 1070 254 XI.
1120 187 1310 254 cn.
1373 189 1429 253 Ι.

284 299 446 346 «ωσι
493 272 708 346 civem
753 275 958 345 toties
999 274 1567 368 compescuisset4
1612 275 1875 368 quiqu-e

288 364 592 442 insidias,
609 367 866 436 virtute
905 379 1288 458 superasset
1314 377 1343 436 ?
1370 366 1688 459 Denique
1722 393 1865 438 non

291 456 499 526 modo
541 470 710 550 quot
748 457 819 527 in
859 483 1097 546 causa,
1123 457 1411 528 totidem
1451 458 1521 527 in
1540 485 1872 564 prosopo-

281 552 461 640 poeia
498 561 661 618 sunt
706 550 1110 622 varietates:
1154 548 1271 618 sed
1302 548 1435 619 hoc
1466 563 1668 618 etiam
1716 551 1874 642 plu-

287 663 436 724 ma,
471 640 658 799 ‹ffuod
697 640 770 710 in
804 641 913 710 his
955 665 1325 734 puerorum
1351 691 1369 726 ‚
1406 639 1815 715 seminarum.
1840 693 1863 726 ‚

279 739 473 824 'popu
505 757 742 814 orum,
789 744 1130 801 mutarum
1176 731 1380 800 etiam
1433 757 1667 816 rerum,
1700 732 1872 810 assi-

287 821 625 892 mulamus
657 825 974 908 affectus,
1016 822 1266 916 quibus‘
1306 821 1625 894 omnibus
1657 821 1868 894 dehe-

287 924 406 982 tur
445 940 606 983 suus
657 914 882 984 decor.
1594 963 1599 968 -
1798 979 1802 983 .

277 1025 286 1036 ’
379 1031 448 1074 2.
471 1005 726 1075 Eadem
759 1007 833 1075 in
865 1004 980 1088 iis,
1011 1030 1139 1098 pro
1162 1004 1411 1098 quibus
1428 1004 1865 1096 agemuS,ob·

285 1096 619 1166 servanda
663 1110 844 1167 sunt.
877 1095 1103 1166 Aliter
1132 1097 1315 1166 enim
1354 1119 1480 1188 pro
1516 1095 1652 1166 alio
1688 1121 1863 1188 saepe

281 1185 655 1258 dicendum
688 1202 790 1258 est
819 1243 844 1274 ‚
873 1187 948 1258 ut
982 1188 1268 1282 quisque
1300 1187 1628 1257 honestus
1654 1239 1672 1272 ‚
1715 1187 1865 1256 hu-

283 1276 468 1348 milis
499 1332 520 1365 ‚
571 1279 996 1363 invidiosus,
1053 1277 1449 1349 favorabilis
1506 1277 1673 1361 erit,
1740 1277 1861 1346 ad-

280 1371 458 1456 jecta
559 1369 1022 1460 ropositorum
1080 1391 1352 1462 quoque
1410 1381 1477 1438 et
1528 1382 1859 1439 anteactae

255 1456 432 1530 *vitae
531 1460 892 1530 ifferentia.
1384 1509 1388 1514 ·
1424 1510 1431 1516 ·
1834 1517 1839 1522 .

261 1563 270 1574 “
369 1551 884 1622 Jucundissima
935 1575 1100 1621 vero
1158 1550 1231 1622 in
1290 1562 1557 1620 oratore
1613 1549 1859 1622 huma-

277 1638 458 1712 nitas
476 1697 495 1727 ,
521 1641 812 1713 faci-litas
833 1697 853 1728 ,
899 1643 1279 1713 moderatio
1306 1695 1325 1728 ‚
1350 1641 1857 1712 benevolentia.

277 1733 414 1802 Sed
451 1735 570 1804 illa
651 1760 874 1826 uoque
899 1733 1168 1804 diversa
1192 1733 1452 1802 bonum
1484 1733 1710 1803 virum
1740 1733 1855 1803 de-

242 1849 248 1856 ·
279 1836 480 1911 cent,
516 1849 624 1895 ma
655 1851 728 1894 os
763 1824 984 1894 odisse
1008 1875 1028 1909 ‚
1067 1822 1343 1917 publica
1380 1821 1528 1893 vice
1556 1847 1855 1897 commo-

274 1914 418 1984 veri
453 1967 476 1999 ‚
521 1915 743 1985 ultum
789 1915 888 1985 ire
936 1914 1192 1985 seelera
1256 1927 1325 1983 et
1371 1913 1659 2003 injurias
1694 1940 1733 2002 ;.
1780 1928 1852 1986 et

275 2005 545 2092 omnia,
584 2019 659 2075 ut
695 2006 897 2076 initio
943 2005 1131 2091 dixi,
1168 2005 1483 2075 honesta.

265 2124 270 2131 ·
361 2104 577 2169 &Nec
599 2110 893 2184 tantum,
913 2097 1066 2191 quis
1091 2110 1160 2168 et
1184 2123 1309 2191 pro
1325 2122 1483 2189 que,
1506 2094 1623 2165 sed
1641 2094 1850 2177 etiem
1943 2162 1953 2170 .

271 2189 458 2280 apud
487 2216 690 2282 quem
723 2190 915 2259 dicas
935 2242 960 2275 ,
990 2189 1297 2260 interest.
1334 2188 1536 2284 Facit·
1560 2187 1743 2256 enim
1775 2202 1848 2258 et

266 2278 548 2350 fortuna
582 2281 949 2351 discrimen
987 2294 1054 2349 et
1087 2292 1385 2371 potestas
1408 2306 1429 2349 ι
1452 2303 1587 2347 nec·
1603 2276 1843 2351 eadem

268 2370 450 2461 apud
468 2372 871 2465 ρςίηοίρεῑιι,
897 2372 1366 2464 magistratum
1386 2422 1407 2455 .,
1434 2369 1843 2455 senatorem,

215 2486 220 2491 ·
263 2461 642 2553 privatum,
669 2471 768 2551 (1)
807 2475 1073 2534 tantum
1103 2461 1400 2533 liberum
1422 2516 1439 2547 ‚
1482 2460 1661 2529 ratio
1697 2474 1845 2545 esu

219 2590 222 2593 ⁴
260 2576 394 2623 nec
430 2555 672 2625 eodem
703 2581 870 2625 sono
912 2553 1189 2647 publiea
1228 2553 1531 2642 judicia,
1554 2564 1621 2621 et
1654 2550 1840 2625 arhi-

163 2666 168 2675 ‘
259 2654 523 2715 trorum
560 2647 1088 2739 disceptationes
1136 2658 1454 2737 aguntur.
1496 2651 1707 2728 Nam,
1758 2656 1839 2714 ut

259 2748 569 2804 orantem
623 2762 746 2828 pro
791 2738 1010 2829 capite
1053 2736 1447 2813 sollicitudo
1487 2735 1723 2805 deceat
1767 2748 1837 2805 et

255 2849 416 2894 cura
436 2828 550 2913 ,get
592 2840 827 2895 omnes
862 2829 950 2897 ad
990 2826 1540 2932 amplificandam
1579 2826 1830 2901 oratio-
1890 2884 1901 2897 .

251 2940 410 2987 nem
443 2917 648 3025 ‘quasi
696 2918 1064 3002 machinae3
1109 2932 1202 2987 lta
1240 2918 1311 2987 in
1362 2918 1586 3011 parvis
1625 2917 1833 2987 rebus

113 3051 119 3065 ·
187 3028 199 3036 ⁹
249 3008 665 3103 judiciisque
699 3035 872 3079 vana
905 3010 1043 3078 sint
1075 3008 1350 3092 eadem,
1384 3008 1833 3101 rideaturque
1864 3032 1871 3037 ·

249 3100 496 3189 merite
528 3154 547 3186 ‚
583 3100 701 3195 qui
734 3100 914 3193 apud
947 3100 1471 3193 disceptatorem
1505 3100 1588 3191 de
1622 3124 1694 3169 re
1729 3098 1828 3169 le-

243 3189 520 3269 ‚vissi‘ma
549 3192 789 3263 sedens
817 3192 1129 3265 dicturus
1153 3245 1174 3277 ‚
1207 3204 1441 3279 utatur
1462 3190 1591 3260 'illa
1614 3189 1827 3264 Cice—

311 3312 394 3384 (1)
424 3317 520 3369 Pro
543 3328 730 3373 tannem
747 3336 768 3382 ,⁰
786 3317 995 3389 qnidam
1019 3317 1222 3387 legum,
1246 3326 1411 3371 tanam
1432 3314 1655 3369 libonem.
