2188 3757
246 208 269 234 δ

358 257 457 326 52·
718 257 893 322 Lm.
942 257 1152 324 VIII.
1203 257 1396 323 Car.
1445 256 1576 324 111.

307 344 483 416 “sibi
530 342 731 432 judex
758 397 777 430 ‚
819 343 901 414 de
938 345 1188 436 quibus
1231 345 1616 436 cognoscit,
1668 344 1936 416 narrari

350 435 569 506 credit
598 489 617 522 ‚
666 461 805 505 non
838 436 1120 527 exprimi
1150 487 1168 520 ‚
1210 449 1279 507 et
1303 436 1519 506 oculis
1545 436 1792 506 mentis
1823 463 1939 506 os-
1972 463 1980 470 ·

348 527 567 598 tendi.
602 526 736 598 Sed
769 577 789 612 ‚
829 527 1156 618 quoniam
1197 527 1510 618 pluribus
1555 525 1778 596 modis
1827 553 1938 598 ac-

332 618 498 710 ·cipi-
528 618 753 702 solet‘,‘
809 643 952 686 non
1000 617 1319 711 equidem
1369 618 1440 688 in
1489 643 1726 688 omnes
1779 643 1936 690 eam

348 708 722 800 particulas
776 703 1021 780 sec’aho
1054 733 1420 802 „quarum
1471 709 1840 780 ambitiose·
1891 736 1937 780 a

350 799 763 892 quibusdam
796 825 1122 870 numerus
1147 813 1464 894 augetur,
1497 801 1616 872 sed
1645 801 1936 871 maxime

348 892 767 962 necessarias
796 892 1148 982 attingam.

442 989 565 1052 Est
598 983 813 1075 igitur
845 1007 1057 1052 unum
1092 1005 1345 1074 genus,
1369 1007 1508 1074 quo
1533 994 1674 1052 tota
1701 1007 1936 1052 rerum

350 1075 575 1167 imago
608 1073 1116 1167 quodammodo
1150 1073 1374 1146 verbis
1401 1073 1838 1166 depingiturz

424 1225 660 1282 Constitit
680 1233 731 1280 in
760 1229 940 1298 digitos
964 1230 1210 1298 extemplo
1234 1241 1450 1281 arrectus
1471 1240 1687 1298 uterque.

1511 1310 1558 1370 5,
1595 1313 1714 1363 AEn.
1745 1309 1864 1376 426.

350 1415 439 1483 Et
462 1425 699 1482 caetera
724 1466 742 1497 ‚
776 1438 921 1505 quae
957 1412 1158 1484 nobis
1197 1413 1385 1484 illam
1417 1411 1727 1506 pugilum
1760 1437 1948 1482 con-

352 1501 813 1597 gredientium
841 1503 1082 1575 faciem
1118 1505 1212 1577 ita
1240 1504 1646 1584 ostendunt,
1677 1515 1755 1572 ut
1789 1529 1934 1574 non

352 1596 601 1666 clarior
645 1595 873 1666 futura
900 1596 1121 1666 fuerit
1164 1595 1650 1688 spectantibus.
1701 1593 1934 1664 Pluri-

350 1713 539 1760 mum
574 1687 645 1756 in
678 1687 809 1757 hoc
834 1713 1116 1781 genere,
1140 1687 1314 1758 sicut
1344 1687 1416 1756 in
1443 1681 1698 1756 caet'eris
1717 1739 1736 1769 ‚
1763 1685 1936 1754 emi-

352 1791 471 1847 net
490 1777 753 1847 Cicero.
774 1781 883 1847 An
910 1779 1269 1871 quisquam
1291 1792 1425 1847 tam
1495 1777 1684 1848 rocul
1711 1802 1749 1844 a
1775 1801 1935 1846 con-
2031 1807 2038 1810 ·

352 1867 692 1961 cipiendis
714 1867 1128 1961 imaginibus
1147 1896 1372 1941 rerum
1395 1898 1431 1939 a
1483 1882 1620 1954 est,
1642 1880 1752 1953 ut,
1774 1894 1936 1939 cum

353 1960 474 2031 illa
500 1961 571 2029 in
601 1968 883 2031 Verrem
907 1967 1006 2046 (Ι)
1026 1960 1222 2055 legit,
1259 1960 1937 2051 Stetitsolealusproe-

348 2064 454 2123 lor
504 2052 742 2143 populi
785 2058 1048 2123 romani
1098 2078 1242 2123 cum
1291 2052 1506 2146 pallio
1553 2076 1882 2143 purpureo
1911 2104 1932 2136 ‚

351 2146 701 2236 iunicaque
732 2144 977 2231 talari,
1009 2144 1396 2215 muliercula
1427 2148 1628 2215 nixus
1652 2196 1672 2227 ‚
1703 2146 1774 2211 in
1806 2140 1936 2210 lit-

350 2246 490 2305 tore
519 2286 537 2318 ‚
572 2260 715 2303 non
760 2234 981 2303 solum
1030 2236 1254 2327 ipsum
1299 2260 1372 2303 os
1408 2233 1667 2304 intueri
1701 2231 1937 2305 videa-

352 2339 468 2395 tur
498 2376 517 2407 ,
556 2337 624 2393 et
655 2325 881 2393 locum
908 2378 927 2409 ,
963 2337 1033 2395 et
1074 2326 1387 2395 habitum
1409 2378 1426 2408 ,
1469 2324 1588 2394 sed
1621 2324 1936 2430 quaedam

332 2416 559 2485 -etiam
588 2442 665 2485 ex
692 2415 809 2501 iis,
840 2442 985 2509 quae
1014 2414 1196 2485 dicta
1229 2442 1370 2487 non
1397 2416 1746 2503 sunt‚'sibi
1783 2415 1933 2507 ipse

354 2507 708 2601 adstruat?
744 2514 891 2600 Ego
926 2520 1108 2577 certe
1154 2506 1322 2577 mihi
1365 2532 1644 2587 cernere
1691 2506 1936 2601 videor

351 2614 423 2671 et
452 2600 714 2687 vultum
742 2654 759 2683 ‚
796 2614 863 2669 et
889 2598 1164 2684 oculos,
1205 2613 1273 2671 et
1306 2600 1641 2671 deformes
1674 2598 1934 2667 utrius-

354 2717 489 2788 que
536 2690 954 2775 blanditias,
1004 2704 1073 2761 et
1105 2718 1388 2777 eorum,
1435 2692 1552 2783 qui
1597 2689 1924 2772 aderant,

354 2781 631 2849 tacitam
671 2782 1169 2856 aversationem
1203 2834 1222 2869 ,
1268 2806 1348 2853 ao
1387 2778 1696 2853 timidam
1741 2804 1936 2851 vere-

365 2869 709 2943 cundiam.
1135 2942 1138 2945 ,

446 2962 730 3031 Interim
764 2988 844 3033 ex
866 2962 1180 3057 pluribus
1213 2964 1504 3035 efficitur
1544 2962 1659 3031 ina
1683 3014 1700 3047 ‚
1725 2986 1934 3056 quam

354 3078 685 3125 conamur
719 3056 1091 3148 exprimere
1125 3106 1144 3137 ‚
1197 3056 1400 3129 facies
1431 3083 1452 3141 ;
1501 3067 1576 3124 ut
1613 3067 1713 3123 est
1745 3054 1936 3145 apud

356 3144 670 3220 eumdem
694 3154 1023 3238 (namque
1040 3146 1127 3215 ad
1147 3149 1448 3219 omnium
1477 3145 1766 3215 ornandi
1795 3147 1936 3216 vir-

356 3249 583 3305 tutum
602 3237 904 3328 exempla
921 3237 1027 3313 vel
1049 3264 1224 3307 unus
1251 3240 1528 3323 sufficit)
1548 3237 1620 3307 in
1637 3237 1959 3333 descripw

422 3358 526 3427 (1)
554 3338 685 3413 V‘ide
709 3360 1001 3444 Ciceronem
1018 3398 1037 3425 ‚
1064 3380 1112 3432 7.
1142 3364 1286 3417 Verr.
1316 3360 1398 3417 85.
1450 3438 1458 3443 .
