2188 3757
322 265 461 336 388
648 267 830 334 Lus.
879 265 1065 332 XII.
1113 265 1297 330 cn.
1362 265 1494 330 XI.

376 379 531 424 uam
580 353 744 424 satis
786 353 930 438 sit,
979 365 1049 423 et
1094 351 1214 424 illa
1263 365 1490 422 mente
1543 364 1745 446 atque
1785 349 1914 422 illa

322 377 648 518 pacultate
702 444 1003 538 praedito‘
1051 471 1194 516 non
1253 445 1620 516 conveniat
1682 445 1916 545 operis

322 536 772 636 pulcherrimi
826 563 1028 632 quam
1062 537 1538 630 longissimum
1587 550 1854 630 tempus
1887 559 1921 620 3,

324 629 445 700 sed
492 629 657 722 quia
704 625 904 701 decet
957 627 1091 700 hoc
1141 655 1414 724 quoque
1471 628 1914 722 prospicere,

326 747 416 792 ne
480 720 649 816 quid
706 728 901 828 pejus
949 775 969 807 ,
1034 747 1238 814 quam
1305 723 1545 794 fecerit
1589 773 1608 806 ,
1682 719 1912 790 faciat.

326 815 567 908 Neque
612 839 798 884 enlm
844 813 1136 884 scientia
1186 814 1392 884 modo
1437 825 1706 884 constat
1759 837 1916 882 ora-

328 919 477 992 tor,
502 933 650 999 quae
680 919 971 1000 augetur
1001 905 1202 976 annis
1224 961 1243 991 ,
1278 893 1396 978 sed
1431 931 1630 990 voce,
1663 904 1922 991 latere,

328 999 655 1070 firmitate
696 1026 714 1068 e
765 998 1017 1092 quibus
1065 997 1300 1070 fractis
1357 1011 1474 1068 aut
1533 996 1923 1068 imminutis

330 1104 525 1163 aetate
568 1117 688 1162 seu
737 1089 1133 1162 valetudine
1161 1145 1180 1176 ,
1217 1091 1594 1161 cavendum
1641 1099 1922 1174 estsne

335 1183 507 1278 quid
554 1184 627 1254 in
666 1195 937 1253 oratore
985 1208 1251 1253 summo
1300 1182 1771 1264 desideretur,
1827 1205 1923 1250 ne

317 1275 710 1346 'intersistat
737 1275 1060 1368 fatigatus
1084 1327 1104 1360 ,
1135 1301 1220 1344 ne
1248 1301 1392 1369 quae
1426 1273 1643 1357 dicet,
1677 1298 1922 1364 parum

330 1366 559 1438 audiri
589 1367 879 1452 sentiat,
934 1375 1035 1454 (1)
1076 1393 1162 1438 ne
1195 1394 1264 1436 se
1298 1377 1640 1460 quaeratur
1718 1365 1926 1436 erire.

422 1457 745 1552 Vidi’ego
778 1459 980 1551 longe
1008 1458 1354 1540 omnium,
1383 1485 1554 1552 quos
1573 1391 1739 1527 milii
1767 1483 1922 1550 cog-

336 1576 622 1622 noscere
690 1551 986 1646 contigit
1026 1605 1045 1636 ,
1128 1575 1466 1621 summum
1534 1561 1874 1620 oratorem
1901 1601 1928 1634 ,

331 1643 721 1714 Domitium
768 1643 1013 1714 Asrum
1043 1643 1246 1730 >valde
1281 1668 1509 1714 senem
1543 1695 1564 1725 ‚
1609 1641 1924 1734 quotidie

336 1733 603 1829 aliquid
636 1763 717 1808 ex
746 1762 861 1821 ea,
897 1761 1104 1828 quam
1140 1747 1480 1806 meruerat
1511 1734 1926 1806 auctoritate

254 1847 260 1859 “
334 1830 771 1923 perdentem,
809 1853 963 1897 cum
986 1882 1005 1911 ‚
1045 1839 1288 1921 agente
1319 1827 1478 1911 illo,
1506 1851 1708 1923 quem
1734 1825 1928 1920 prin-

337 1922 561 2013 cipem
597 1919 805 1988 fuisse
839 1920 1190 2011 quondam
1240 1918 1374 1987 fori
1407 1944 1549 1988 non
1597 1932 1744 1988 erat
1781 1917 1930 1989 du-

336 2012 533 2083 bium
561 2064 579 2097 ,
612 2009 729 2081 atii
775 2008 1014 2105 (quod
1075 2008 1440 2104 indignum
1495 2010 1863 2081 videbatur
1893 2018 1936 2096 ).

335 2102 649 2175 riderent
674 2157 693 2187 ,
732 2102 849 2174 alii
886 2102 1372 2173 erubescerent
1405 2130 1423 2173 ε
1473 2129 1620 2196 quae
1655 2102 1930 2173 occasio

336 2195 478 2268 illis
497 2195 632 2276 fuit
665 2194 981 2279 dicendi,
1008 2194 1210 2266 malle
1227 2222 1371 2275 eum
1395 2196 1701 2285 deficere,
1726 2218 1929 2287 quam

338 2290 656 2359 desinere.
715 2294 952 2392 Neque
1012 2301 1210 2357 erant
1257 2287 1378 2356 illa
1421 2286 1931 2381 qualiacunque

336 2381 564 2462 mala,
614 2378 736 2455 sed
782 2404 1074 2448 minora.
1123 2384 1356 2466 Quare
1386 2433 1407 2464 ,
1453 2391 1818 2484 antequam
1856 2378 1932 2448 in

340 2473 467 2543 has
493 2470 709 2543 aetatis
738 2470 969 2539 veniat
996 2470 1320 2555 insidiae,
1352 2484 1660 2564 receptui
1691 2482 1935 2558 canet,

340 2577 413 2635 et
445 2565 517 2633 in
552 2576 829 2657 portum
864 2561 1134 2655 integra
1170 2588 1340 2632 nave
1368 2563 1741 2656 perveniet.

434 2662 674 2747 Neque
707 2655 893 2723 enim
928 2654 1230 2723 minores
1265 2680 1464 2740 eum,
1505 2680 1661 2725 cum·
1709 2653 1782 2724 id
1817 2652 1938 2724 fe-

345 2748 557 2831 cerit,
590 2746 978 2816 studiorum
1034 2747 1298 2817 fructus
1349 2761 1746 2853 sequentur.
1787 2752 1942 2819 Aut

340 2838 465 2913 ille
498 2844 943 2921 annumenta
970 2862 1201 2907 rerum
1216 2850 1530 2929 posteris,
1563 2850 1701 2921 aut,
1735 2845 1836 2923 (2)
1856 2854 1941 2911 ut

342 2939 429 3004 L.
462 2936 745 3000 Crassus
776 2931 847 2998 in
886 2928 1081 2999 libris
1115 2930 1470 3000 Ciceronis
1505 2930 1962 3019 destinabat,-

350 3018 841 3119 (3)quaerentib
852 3048 925 3089 us
940 3020 1186 3107 tradet,
1207 3034 1323 3091 aut
1337 3022 1742 3117 eloquentiae
1757 3047 1944 3104 com-

414 3150 501 3227 ζι)
531 3147 636 3201 Alii
657 3148 828 3213 legunt
850 3164 861 3197 ε
886 3163 949 3197 ne
968 3163 1021 3195 se
1047 3158 1248 3214 quoerat
1261 3152 1494 3213 priorem.
1525 3147 1614 3200 Ne
1631 3166 1683 3197 se
1703 3158 1948 3215 quet-auct

344 3232 581 3285 pqorssn'l-

420 3282 479 3345 (α
534 3277 665 3329 Vide
686 3278 997 3329 Ciceronem.
1024 3295 1069 3326 1.
1107 3276 1167 3327 de
1186 3278 1420 3343 Oratore,
1454 3298 1594 3335 num.
1621 3298 1734 3349 199.

398 3382 405 3390 .
422 3282 505 3413 (δὲ
518 3343 771 3393 omissum
788 3342 877 3392 hic.
892 3342 1087 3411 aliquid
1102 3343 1324 3410 suspicor
1338 3384 1353 3409 ,
1375 3360 1428 3395 ut
1441 3385 1455 3401 ,
1479 3348 1543 3396 'us
1555 3386 1568 3411 ‚
1587 3362 1668 3400 aut
1681 3364 1939 3414 responsa.

346 3411 548 3467 Crassus
578 3408 715 3465 euim
744 3409 879 3464 hauc
896 3410 1138 3463 senectuti
1153 3426 1249 3463 ωε
1275 3409 1426 3480 jucun
1470 3414 1690 3495 'ssimam
1715 3426 1947 3491 occupa-
