2188 3757
795 213 850 280 P
871 237 915 281 R
932 237 974 281 o
997 237 1056 280 m
1073 237 1129 280 Μ
1146 237 1173 280 1
1189 236 1237 282 u
1254 238 1329 282 Μ.
1748 233 1833 282 21

249 301 592 374 deterreri
657 301 926 387 solent3
977 315 1098 372 aut
1160 329 1242 372 eo
1298 315 1631 394 tempore,
1672 328 1836 396 quo

248 395 600 488 praecipue
650 392 896 462 alenda
943 394 1279 486 ingeni-au,
1332 407 1533 485 atque
1592 395 1841 464 indul-

251 487 494 576 gentia
537 484 830 578 quadam
867 485 1277 556 enutrienda
1308 498 1509 570 sunt3
1541 486 1841 580 asperio-

249 599 411 646 rum
428 589 727 646 tractatu
744 601 972 645 rerum
991 589 1419 662 atteruntur3
1446 589 1593 662 aut,
1624 577 1677 646 si
1700 577 1841 648 haee

251 669 404 736 sola
457 667 862 749 didicerint,
899 669 1061 736 satis
1112 695 1183 737 se
1240 667 1329 737 ad
1374 667 1841 760 eloquentiam

249 759 632 828 instructos
670 758 1133 844 arbitrantur3
1166 772 1321 843 aut,
1357 761 1548 852 quasi
1582 760 1667 830 ad
1700 785 1842 828 cer-

251 862 364 919 tas
420 849 746 944 quasdam
793 849 1070 920 dicendi
1132 851 1314 942 leges
1363 851 1477 919 alli
1532 851 1665 933 ati,
1712 875 1845 920 co·-

253 955 500 1011 natum
535 967 806 1010 omnem
841 941 1313 1012 reformidant.
1346 877 1547 1010 Umfie
1597 942 1843 1010 existi-

255 1047 452 1102 mant
494 1033 859 1115 accidisse,
895 1045 1006 1116 ut,
1041 1033 1157 1124 qui
1195 1032 1701 1124 diligentissimi
1726 1057 1847 1101 ·ar·-

254 1126 433 1194 tium
470 1125 834 1217 scriptores
861 1124 1275 1208 extiterunt,
1308 1125 1394 1192 ab
1448 1123 1847 1218 eloquentia

258 1215 658 1308 longissime
689 1215 968 1285 fuerint.

281 1337 291 1343 ·
354 1309 486 1378 Via
535 1320 764 1376 tamen
799 1331 972 1400 opus
1005 1318 1107 1375 est
1142 1305 1677 1398 incipientibu53
1724 1305 1847 1379 sed

259 1425 344 1468 ea
429 1399 623 1483 lana,
662 1409 731 1468 et
775 1425 926 1467 cum
964 1397 1051 1466 ad
1085 1397 1653 1489 ingrediendum,
1696 1412 1846 1469 tum

261 1490 351 1560 ad
419 1490 976 1560 emonstrandum
1005 1489 1341 1582 expedita.
1370 1489 1595 1582 Eligat
1618 1492 1847 1584 itaque

263 1583 530 1674 peritus
564 1581 678 1652 ille
711 1593 1086 1674 praeceptor
1112 1607 1191 1650 ex
1216 1581 1536 1650 omnibus
1556 1582 1848 1674 optima,

265 1685 334 1742 et
365 1673 588 1742 tradat
613 1699 690 1742 ea
710 1673 985 1742 demum
1013 1674 1084 1741 in
1126 1673 1516 1763 praesentia,
1538 1697 1683 1766 quae
1704 1672 1849 1766 pla-

267 1777 422 1833 cent
447 1818 466 1848 .‚
503 1775 760 1834 remota
807 1764 1153 1844 refutandi
1188 1777 1426 1834 caetera
1463 1789 1673 1833 mora.
1714 1771 1850 1834 Se-

265 1868 574 1949 quuntur
602 1854 786 1925 enim
807 1854 1153 1949 discipuli,
1193 1882 1329 1949 quo
1364 1854 1657 1926 duxeris.
1684 1863 1851 1927 Mox

269 1974 422 2017 cum
455 1948 706 2017 robore
739 1946 1055 2029 :discendi
1093 1961 1350 2018 crescet
1384 1948 1585 2017 etiam
1624 1949 1853 2019 erudi-

265 2038 390 2109 t‘io.·
424 2038 643 2108 Iidem
729 2040 902 2109 rimo
929 2032 1150 2109 solum
1186 2040 1319 2109 iter
1348 2039 1631 2123 credant
1662 2066 1805 2111 esse
1828 2092 1853 2127 ,

271 2132 341 2199 in
374 2130 560 2225 quod
595 2131 665 2199 in
721 2144 1046 2232 ucentur,
1096 2156 1249 2200 mox
1268 2126 1460 2200 illud
1504 2132 1851 2225 cognituri

272 2222 474 2291 etiam
509 2222 864 2315 optimum.

359 2321 534 2383 Sunt
581 2326 808 2383 autem
857 2336 944 2383 ne
996 2340 1078 2383 ue
1118 2312 1445 2401 obscura,
1484 2332 1707 2419 neque
1764 2312 1855 2384 ad

321 2404 793 2511 ercipiendgm
850 2405 919 2475 di
1001 2405 1163 2475 cilia
1196 2458 1216 2491 ‚
1276 2433 1423 2498 quae
1484 2418 1852 2499 scriptores

273 2430 556 2566 {liversis
601 2496 1052 2589 opinionibus
1081 2497 1529 2589 pertinaciter
1578 2496 1853 2565 tuendis

274 2587 734 2657 involverunt.
771 2594 1008 2681 ltaque
1053 2589 1129 2657 in
1164 2602 1311 2657 toto
1348 2586 1511 2655 artis
1565 2588 1855 2674 hujusce

275 2692 582 2751 tractatu·
616 2680 968 2749 difficilius
1001 2691 1102 2749 est
1144 2678 1487 2767 judicare,
1528 2676 1697 2771 quid
1732 2678 1858 2749 do-

277 2798 420 2841 ceas
441 2824 459 2855 ‚
491 2796 694 2863 qua-m
716 2825 734 2855 ‚
768 2798 922 2841 cum
953 2770 1279 2860 judicaris
1300 2826 1319 2857 ‚
1356 2771 1601 2842 docere
1637 2800 1653 2841 :
1689 2797 1859 2863 prae-

277 2865 606 2955 cipueque
639 2866 709 2932 in
739 2862 1006 2933 duabus
1040 2863 1146 2933 his
1180 2864 1489 2957 partibus
1524 2890 1857 2970 perquam

273 2968 431 3025 sunt
466 2977 718 3045 pauca,
747 2956 926 3025 circa
969 2982 1149 3048 quse,
1176 2957 1231 3027 si
1262 2957 1318 3026 is
1352 2955 1468 3049 qui
1524 2968 1857 3025 1nstitue-

278 3058 419 3129 tur,
455 3071 598 3115 non
626 3048 1153 3139 repugnaverit,
1187 3072 1483 3142 pronum
1506 3047 1591 3116 ad
1617 3058 1860 3117 caetera

277 3136 634 3207 habiturus
659 3151 761 3207 est
791 3164 1084 3207 cursum.
1653 3136 1657 3141 ⁸

366 3235 445 3297 ΙΙ.
463 3236 723 3322 Nempe
751 3230 930 3299 enim
949 3228 1320 3321 plurimum
1349 3227 1419 3297 in
1446 3228 1578 3299 hoc
1602 3228 1853 3299 laboris

279 3320 706 3399 exhausimus
727 3372 747 3409 ‚
786 3333 866 3391 ut
917 3322 1439 3410 'ostenderemus
1490 3318 1857 3392 rhetoricen
