2188 3757
299 221 388 304 76
662 223 832 290 Lus.
881 225 1088 290 v111.
1138 225 1331 292 cir.
1378 229 1511 293 VI.

385 313 456 400 L„
501 309 917 401 Incipiamus
947 310 1190 402 'sigitur
1236 313 1321 385 ab
1378 341 1497 401 eu,
1547 315 1665 408 qui
1722 336 1885 390 cuni

299 397 889 492 frequentissimus
946 412 1084 487 est,
1122 417 1267 474 tum
1320 405 1524 498 longe
1549 405 1881 500 pulcher-
1938 461 1953 493 «ί

297 489 511 560 rimus
554 518 570 560 ε
623 491 1120 570 translationem
1182 496 1335 567 dico
1362 549 1382 583 ‚
1432 523 1581 589 quae
1638 503 1893 590 Metaq

294 581 514 673 phora
551 589 763 674 graece
791 598 1094 656 vocatur.
1622 644 1629 650 ·

387 678 554 762 Quae
601 674 878 767 quidem
920 702 1074 747 cum
1108 677 1202 746 ita
1242 689 1343 746 est
1373 676 1459 746 ab
1496 678 1641 770 ipsa
1665 678 1872 750 nobis

296 788 616 836 concessa
643 778 912 852 natura,
941 779 1015 836 ut
1041 767 1305 837 indocti
1329 792 1602 863 quoque
1626 795 1705 840 ac
1731 797 1873 845 non

289 855 664 926 sentientes
695 883 774 928 ea
807 857 1196 950 frequenter
1226 871 1554 945 utantur3
1588 873 1731 930 tum
1776 862 1890 931 ita¹
1932 901 1947 945 ὲ

287 947 592 1038 jucunda
657 960 724 1016 at
777 975 860 1018 ue
907 948 1175 1034 nitida,
1246 961 1324 1019 ut
1380 950 1455 1020 in
1504 951 1816 1022 oratione
1847 999 1885 1038 ‚-
1932 999 1943 1013 ·

291 1038 668 1127 quamlibet
711 975 931 1125 ciam,
993 1042 1276 1134 proprio
1340 1053 1566 1110 tamen
1596 1041 1869 1112 iumine

287 1129 578 1200 eluceat.
639 1138 877 1238 Neque
919 1133 1107 1202 enim
1154 1133 1453 1224 vulgaris
1501 1157 1685 1219 esse,
1740 1159 1871 1204 nec

287 1219 598 1306 humilis,
621 1247 749 1293 nec
776 1222 1109 1316 insuavisj
1151 1235 1331 1293 recte
1381 1223 1583 1294 modo
1610 1225 1871 1294 adscita
1942 1269 1947 1276 -

286 1311 398 1397 sit,
432 1325 675 1408 potest,
697 1313 980 1405 Copiam
1005 1339 1277 1410 quoque
1305 1315 1636 1387 sermonis
1664 1329 1870 1408 auget

290 1405 746 1493 permutando
773 1458 792 1489 ‚
833 1416 952 1474 aut
1021 1405 1397 1475 mutuando
1426 1458 1444 1489 ‚
1486 1406 1673 1502 quod
1724 1431 1867 1477 non

285 1491 532 1563 habet:
563 1496 883 1591 quodque
909 1495 1391 1566 difficillimum
1409 1509 1541 1581 est,
1574 1511 1866 1588 praestass
1937 1565 1941 1575 ,

286 1593 373 1655 ne
412 1585 534 1656 uni
567 1588 668 1656 rei
703 1613 954 1658 nomen
988 1586 1219 1658 deesse
1274 1587 1611 1659 videatur.
1938 1671 1946 1680 ,

379 1679 828 1749 Transfertur
853 1703 1016 1771 ergo
1039 1705 1291 1750 nomen
1320 1691 1435 1748 aut
1470 1679 1752 1750 verbum
1785 1687 1875 1749 ex'
1914 1674 1931 1689 Χ

285 1793 365 1838 eo
402 1769 586 1853 loco,
647 1770 720 1838 in
771 1797 908 1861 quo
960 1771 1316 1864 proprium
1353 1782 1494 1855 est,
1530 1771 1621 1840 in·
1660 1796 1814 1840 eum
1841 1823 1862 1855 ,

283 1858 356 1932 in
389 1886 524 1954 quo
557 1872 677 1933 aut
709 1860 1064 1953 proprium
1099 1861 1332 1947 deest,
1396 1874 1514 1931 aut
1570 1861 1863 1932 transla-

279 1964 428 2058 tura
469 1954 750 2045 proprio
783 1952 1028 2024 melius
1072 1965 1193 2024 est.
1233 1952 1311 2023 Id
1360 1953 1683 2035 facimus,
1742 1966 1863 2022 aut

173 2067 178 2073 ’
281 2068 444 2135 quia
493 2070 763 2116 necesse
833 2056 933 2115 est
961 2097 991 2128 ,‚
1047 2057 1167 2114 aut
1234 2044 1396 2139 quia
1451 2043 1864 2135 significan-

281 2134 420 2203 tius
444 2188 462 2217 ,
517 2143 695 2220 aut(
749 2149 826 2205 ut
857 2132 1048 2222 dixi)
1107 2136 1269 2231 quia
1301 2135 1677 2219 decentius,
1718 2134 1861 2205 Ubi

278 2225 455 2296 nihil
483 2226 727 2295 horum
764 2226 1109 2316 praestabit
1130 2277 1148 2308 ‚
1176 2225 1360 2319 quod
1386 2226 1859 2309 transferetur,
1938 2242 1943 2247 '

253 2316 734 2408 improprium
778 2317 931 2385 erit.
994 2316 1410 2386 Necessitate
1475 2317 1712 2387 rustici
1755 2316 1863 2386 di·-

280 2410 448 2477 cunt
477 2433 801 2501 gemmam
829 2407 901 2475 in
927 2405 1219 2491 vitibus,
1258 2413 1289 2491 (
1316 2406 1489 2501 quid'
1518 2408 1700 2480 enim
1737 2407 1861 2477 di—

282 2512 516 2569 cerent
541 2500 731 2570 aliud
758 2508 786 2587 )
823 2507 942 2569 ‘1'et
971 2502 1155 2568 silbe
1170 2508 1451 2590 segetes,
1508 2512 1576 2567 et
1582 2500 1862 2591 fructus

276 2586 608 2663 laborare.
627 2590 1044 2662 Necessitate
1081 2616 1206 2660 nos
1241 2590 1476 2659 durum
1508 2590 1857 2674 hominem,

275 2695 416 2759 aut⁸
445 2708 770 2772 asperum.
807 2689 962 2751 Non
1017 2682 1202 2751 enim
1258 2682 1613 2773 proprium
1668 2694 1813 2751 erat
1835 2734 1855 2766 ,

273 2772 480 2865 quod'
530 2772 846 2842 daremus
907 2773 1044 2855 his,
1079 2772 1435 2841 affectibus
1466 2825 1485 2857 ‚
1576 2798 1853 2843 nomen.

195 2894 205 2907 *
275 2871 432 2935 Jam
451 2918 469 2946 ,
500 2869 826 2934 incensum
859 2868 998 2940 ira;
1029 2874 1097 2931 et
1124 2911 1143 2945 ‚
1165 2866 1645 2949 inflammatum
1670 2869 1854 2953 cupi-

276 2957 520 3035 ditale;
549 2968 617 3025 et
639 3008 658 3039 ‚
679 2954 936 3043 lapsum
957 2978 1211 3038 errore,
1234 2952 1669 3046 significandi
1698 2980 1853 3047 gra-

271 3048 391 3117 tia.
427 3046 616 3115 Nihil
659 3047 842 3115 enim
873 3044 1121 3113 horum
1152 3044 1292 3114 suis
1322 3045 1577 3127 νει-δῖε,
1646 3059 1851 3137 qu‘am

275 3138 383 3207 his
418 3138 799 3223 accersitis,
825 3137 1040 3229 magis
1122 3136 1429 3227 roprium
1466 3148 1631 3205 erat.

175 3313 190 3323 x
367 3228 492 3298 Illa
553 3228 640 3299 ad
676 3242 990 3298 ornatum
1013 3280 1031 3311 ,
1069 3163 1283 3297 iizmen
1318 3232 1677 3309 orationi55
1736 3239 1845 3311 et,

269 3324 531 3421 generis
557 3320 956 3405 claritatem3
995 3330 1064 3389 et
1087 3370 1107 3408 ,
1156 3323 1535 3393 concionum
1592 3318 1883 3420 procelff‘
