2188 3757
642 231 649 236 ·
726 199 857 278 DE
916 201 1476 278 Iul-rsmronss.
1729 213 1856 260 201
1921 267 1926 271 ,

278 292 615 382 cujusque
672 301 741 356 et
811 287 1304 378 corrupt-issimi
1361 284 1863 378 concupierint.

278 381 559 468 Deinde
611 379 681 448 in
734 377 940 471 ipsis,
984 403 1155 470 quos
1203 379 1647 472 elege1·imu3‚
1693 377 1865 472 quid

281 473 407 556 sit,
432 471 520 540 ad
545 470 729 564 quod
756 470 1190 540 efficiendum
1218 497 1342 538 nos
1369 495 1860 560 comparemus.

279 570 455 638 Nam
500 564 572 637 in
610 561 881 655 ‘magnis
930 587 1202 654 quoque
1250 561 1645 631 auctoribus
1687 561 1864 630 inci·-

282 654 460 722 dunt
488 654 715 744 aliqua
746 653 1018 738 vitiosa,
1050 666 1120 721 et
1148 679 1186 721 a
1220 652 1439 722 doctis
1472 653 1652 720 inter
1677 653 1862 744 ipsos

278 747 491 814 etiam
534 758 771 814 mutuo
822 743 1285 836 reprehensa:
1343 757 1544 836 atque
1597 744 1872 828 utinam*

278 849 423 906 tam
448 837 630 905 bona
663 837 1007 905 imitantes
1030 835 1339 906 dicerent
1357 834 1634 920 melius,
1655 861 1862 927 quam

281 927 461 997 mala
492 934 684 1020 pejus
716 927 977 996 dicunt.

374 1025 519 1088 Nec
543 1045 703 1088 vero
738 1019 973 1088 saltem
1001 1018 1085 1088 iis
1107 1071 1123 1104 ‚
1145 1017 1394 1112 quibus
1425 1015 1509 1087 ad
1537 1015 1860 1086 evitanda

179 1161 187 1166 -
275 1110 451 1180 vitia
480 1110 721 1200 judicii
756 1109 915 1179 satis
952 1109 1124 1194 fuit,
1160 1109 1451 1178 sufficiat
1492 1109 1862 1200 imaginem
1912 1163 1918 1169 2

277 1202 557 1272 virtutis
590 1199 960 1292 effingere,
1012 1213 1079 1269 et
1119 1200 1330 1292 solani
1356 1253 1376 1285 ‚
1423 1212 1500 1269 ut
1539 1200 1637 1270 sic
1671 1200 1859 1269 dixe-

276 1293 438 1379 rim,
470 1305 691 1364 cutem
718 1345 737 1379 ‚
762 1292 866 1364 vel
896 1292 1124 1385 potius
1152 1291 1302 1363 illas
1333 1299 1433 1376 (1)
1455 1291 1738 1396 Epicuri
1783 1289 1861 1362 fi-

270 1407 517 1476 guras,
582 1411 749 1478 quas
801 1410 839 1454 e
890 1383 1170 1458 summis
1227 1383 1630 1544 cmc-poribus
1685 1383 1858 1464 dicit

274 1478 579 1560 effluere.
612 1483 765 1546 Hoc
798 1479 1023 1549 autem
1058 1475 1142 1546 iis
1175 1477 1312 1545 acci
1371 1476 1458 1558 it,
1506 1475 1621 1570 qui
1649 1529 1669 1558 ,
1711 1501 1858 1546 non

186 1648 189 1650 v
238 1567 719 1660 introspectis
782 1567 1057 1658 penitus
1104 1566 1476 1636 virtutibus
1507 1619 1525 1650 .,
1577 1566 1662 1634 ad
1716 1569 1858 1658 pri-

273 1682 467 1726 mum
534 1653 837 1747 sevelut
886 1670 1230 1751 aspectum
1283 1657 1612 1738 orationis
1670 1672 1860 1750 apta-

272 1761 485 1834 ru‘nt3
540 1762 645 1834 et,
694 1775 849 1819 cum
896 1750 981 1818 iis
1033 1747 1420 1818 felicissime
1465 1747 1662 1817 cessit
1703 1749 1858 1819 imi-

272 1841 489 1925 tatio,
532 1841 646 1934 qui
682 1841 905 1911 verbis
940 1854 1143 1935 atque
1185 1845 1472 1914 numeris
1519 1853 1678 1910 sunt
1711 1867 1852 1911 non

272 1932 573 2004 multum
594 1934 1025 2018 differentes3
1050 1934 1187 2022 vim
1222 1932 1496 2003 dicendi
1527 1948 1728 2026 atque
1753 1938 1856 2002 in—

274 2029 593 2095 ventionis
618 2050 758 2093 non
791 2022 1265 2115 assequtss'tur7
1307 2024 1424 2094 sed
1451 2026 1850 2117 plerumque

274 2114 631 2185 declinant
662 2116 731 2185 in
776 2122 969 2207 pejus
994 2168 1014 2200 ‚
1048 2128 1114 2185 et
1149 2117 1450 2206 proxima
1478 2116 1848 2187 virtutibus

270 2206 446 2274 vitia
478 2205 1098 2299 comprehendunt,
1125 2206 1300 2276 fiunt
1355 2232 1436 2277 ue
1481 2234 1604 2301 pro
1649 2230 1853 2299 gran-

271 2295 483 2373 dibus
551 2298 853 2383 tumidi;
908 2299 1153 2391 pressis
1211 2234 1416 2369 exiles
1463 2324 1486 2385 3
1557 2298 1850 2369 fortibus

272 2389 680 2477 temerarii3
749 2390 917 2459 laetis
1000 2390 1302 2483 corrupti
1358 2415 1406 2475 3-
1453 2392 1848 2483 compositis

272 2480 693 2565 exultante53
736 2481 1162 2573 simplicibus
1186 2482 1631 2575 negligentes.
1662 2482 1854 2551 Ideo-
1946 2552 1951 2557 .
1987 2548 1997 2563 .

272 2596 407 2675 que
440 2566 555 2663 qui
597 2570 892 2641 horride
920 2586 987 2641 at
1038 2600 1122 2643 ue
1172 2572 1618 2665 incomposite
1651 2572 1854 2665 quid-

271 2660 447 2731 hbet
489 2663 813 2756 frigidum
851 2598 1032 2757 illud1
1070 2676 1137 2733 et
1179 2662 1380 2732 inane
1413 2664 1853 2751 extulerunt,

272 2751 581 2843 antiquis
634 2781 705 2823 se
772 2780 965 2846 pares
1027 2754 1318 2825 credunt
1370 2780 1390 2839 3
1445 2754 1562 2849 qui
1613 2768 1850 2825 carent

272 2844 465 2912 cultu
519 2858 721 2937 atq-ue
748 2846 1128 2915 ‘sententiis
1155 2899 1172 2930 ‚
1221 2845 1470 2917 Atticis
1503 2896 1505 2903 ·
1535 2846 1794 2925 scilicet
1825 2871 1850 2933 3

270 2934 392 3026 qui
434 2938 729 3027 praecisis
764 2937 1322 3007 conclusionibus
1355 2938 1624 3010 obscuri
1653 2994 1672 3025 ‚
1707 2939 1852 3009 Sal-

342 3125 428 3192 (1)
453 3127 700 3193 Epicurus
737 3127 931 3179 dicebat
952 3128 1144 3179 assidue
1165 3149 1191 3179 e
1210 3131 1495 3198 corporibus
1520 3130 1778 3182 simulacra
1799 3144 1850 3184 et

267 3190 426 3256 idola,
456 3194 585 3243 velut
603 3194 804 3243 exuvias
832 3195 1094 3261 quasdam,
1124 3194 1329 3246 effluere
1363 3235 1378 3259 ‚
1410 3214 1518 3264 quae
1545 3196 1712 3247 oculos
1738 3201 1849 3265 pel·-

267 3256 429 3305 lorcnt
448 3296 462 3319 ‚
484 3272 631 3327 atque
658 3260 725 3307 ita
746 3260 985 3309 visionem
1016 3260 1296 3313 efficerent·
1318 3267 1420 3315 Hoc
1437 3274 1597 3313 autem
1617 3263 1854 3318 duntaxat

267 3340 337 3373 ex
364 3324 605 3393 opinione
633 3325 929 3378 Democriti.
970 3325 1130 3376 Tum.

1450 3398 1570 3462 15
