2188 3757
655 279 770 346 De
815 299 1018 344 coru
1061 281 1477 348 venzonum.
1670 283 1799 364 189

221 377 605 458 temperare
637 417 654 448 ,
713 391 916 461 quam
973 365 1375 458 indulgere,
1429 363 1801 437 maluisset.

221 463 480 525 Eorum
514 509 534 539 ‚
589 483 760 548 quos
821 456 1107 526 viderim
1138 508 1156 540 ,
1223 457 1423 550 longe
1484 457 1801 549 princeps

222 547 648 638 Pomponius
677 547 1030 618 Secundus
1055 601 1073 632 ‚
1106 551 1307 639 quem
1340 573 1531 618 senes
1562 573 1803 640 parum

220 638 562 728 tragicum
593 635 964 730 putabant,
1019 637 1407 708 eruditione
1458 663 1535 707 ac
1575 638 1801 708 nitore

223 741 547 819 praestare
586 727 1114 798 confitebantur.

145 891 150 894 ,
208 865 216 872 -
319 825 395 887 In
432 818 760 888 comoedia
786 821 1069 890 maxime
1106 819 1567 890 claudicamus
1594 845 1614 903 ;
1642 819 1807 890 licet

223 913 450 978 Varro
518 912 803 995 Musm,
838 911 1012 980 'AElii
1075 911 1379 982 Stolonis
1424 911 1803 998 sententia,

221 999 554 1068 Plautino
589 999 771 1070 dicat
789 1053 808 1084 ‚
843 1025 1135 1072 sermone
1168 1001 1501 1071 locuturas
1536 1002 1765 1094 fuisse
1784 1052 1807 1088 ‚

222 1095 292 1160 si
315 1089 522 1160 latine
549 1089 614 1160 lo
660 1097 736 1160 ui
768 1090 1042 1172 vellent3
1092 1093 1253 1161 licet
1294 1092 1641 1172 Caecilium
1674 1117 1807 1160 ve·-

223 1193 406 1250 teres
425 1117 742 1250 laudatius
763 1182 1022 1266 ferant3
1041 1181 1200 1252 licet
1216 1181 1806 1274 Terentiiscripta

225 1271 315 1340 ad
347 1272 739 1363 Scipionem
764 1273 1167 1342 Africanum
1192 1273 1578 1345 referantur
1604 1301 1620 1342 ε
1654 1299 1807 1365 quae

223 1375 454 1450 tamen
493 1376 652 1432 sunt
685 1363 767 1432 in
806 1362 936 1432 hoc
971 1389 1218 1456 genere
1260 1363 1803 1458 elegantissima,

226 1453 477 1544 et'plus
497 1454 720 1523 adhuc
741 1453 1062 1526 habitura
1096 1455 1359 1548 gratiae,
1395 1456 1448 1524 si
1494 1456 1669 1524 intra
1696 1463 1801 1542 (1)

223 1569 460 1614 versus
493 1545 838 1614 trimetros
868 1546 1381 1616 stetissent.Vix
1406 1546 1619 1617 levem
1648 1573 1809 1616 con-

226 1635 579 1726 sequimur
621 1636 965 1718 umbram,
1017 1637 1188 1706 adeo
1242 1650 1317 1704 ut
1364 1637 1530 1706 mihi
1581 1662 1805 1706 sermo

225 1723 372 1816 ipse
408 1751 730 1796 romanus
762 1753 902 1798 non
938 1728 1239 1819 recipere
1270 1725 1583 1796 videatur
1614 1726 1809 1797 illam

226 1815 392 1885 solis
423 1841 808 1889 concessam
840 1819 1088 1889 Atticis
1124 1843 1439 1889 venerem
1465 1871 1485 1903 ‚
1525 1817 1805 1911 quando

226 1932 378 1975 eam
416 1934 500 1977 ne
534 1910 750 1979 Graeci
783 1911 1060 2003 quidem
1093 1910 1166 1979 in
1200 1911 1337 1979 alio
1371 1935 1619 2002 genere
1656 1910 1807 1979 lin-

225 2023 374 2089 guae
395 1998 846 2071 obtinuerint.
871 2008 970 2085 (2)
997 2003 1285 2109 ‘rogatis
1306 2001 1575 2071 excellit
1589 2002 1807 2070 Afra-

227 2088 420 2172 nius,
479 2092 876 2185 utinamque
921 2118 1062 2160 non
1115 2092 1541 2184 inquinasset
1586 2116 1807 2183 argu-

184 2198 192 2201 “
225 2193 456 2249 menta
491 2176 684 2253 foedis
713 2182 1060 2252 amoribus
1087 2234 1107 2267 ‚
1145 2208 1363 2252 mores
1385 2208 1541 2251 suos
1568 2181 1804 2253 fassus.

283 2324 296 2335 .
321 2298 384 2341 2.
405 2277 498 2341 At
523 2299 663 2343 non
697 2274 982 2343 historia
1021 2274 1297 2343 cesserit
1330 2272 1581 2345 Graecis
1614 2326 1634 2357 ‚
1680 2298 1808 2343 nec

227 2386 576 2455 opponere
617 2364 1014 2457 Thucydidi
1065 2364 1461 2459 Sallustium
1516 2390 1805 2435 verear:

227 2478 357 2521 nec
420 2453 820 2548 indignetur
889 2456 1018 2525 sibi
1089 2455 1488 2527 Herodotus
1550 2454 1805 2544 aequari

226 2548 314 2611 Τ.
365 2544 688 2631 Livium,
740 2572 894 2618 cum
951 2547 1026 2617 in
1072 2544 1419 2616 narrando
1468 2546 1807 2630 miraeju-

226 2635 602 2706 >candit-‘ssis
645 2690 664 2721 .,
717 2636 1211 2729 clarissimique
1250 2635 1605 2718 eandm-ic,
1658 2647 1807 2706 tum

228 2724 302 2793 in
345 2728 838 2815 concionibus,
895 2752 1101 2819 supra
1156 2752 1361 2817 quam
1392 2725 1653 2796 narrari
1690 2751 1807 2817 po·

225 2825 402 2904 test,
457 2818 889 2913 eloquentem
938 2847 954 2893 ε
1012 2820 1107 2889 ita
1156 2818 1483 2889 dicuntur
1530 2818 1805 2905 omnia,

295 2990 358 3067 (1
383 2994 407 3057 )
437 2992 698 3042 Terentius
729 3011 864 3044 more
889 2993 1207 3045 Comicorum
1240 2994 1396 3045 utitur
1422 2992 1642 3045 versibus
1672 2993 1807 3045 Iam-

223 3054 352 3106 hiem
385 3056 644 3119 cujuslibet
671 3076 932 3125 mensurae,
965 3059 1103 3109 verbi
1142 3060 1292 3125 gratia
1310 3098 1324 3124 ,
1354 3057 1638 3108 tetrametris
1660 3092 1675 3119 ,
1714 3058 1807 3125 qui

224 3119 410 3170 habent
432 3136 542 3173 octo
583 3123 752 3191 pedes·
789 3126 991 3192 Optat-et
1018 3124 1201 3174 Fabius
1240 3139 1291 3173 ut
1332 3124 1575 3175 trimetros
1612 3133 1805 3171 tantum

221 3186 556 3249 adhibuisset,
579 3190 672 3255 qui
697 3202 922 3241 constant
943 3207 1030 3239 sex
1051 3190 1277 3258 pedibus·
1648 3208 1659 3217 ·

293 3252 320 3317 (
337 3271 366 3305 ο
385 3256 409 3319 )
447 3253 660 3321 Togaxoe
675 3256 929 3305 comoedioe
949 3268 1061 3307 sunt
1077 3269 1185 3305 totae
1204 3255 1365 3305 latinae
1380 3252 1567 3301 scilicet
1582 3249 1807 3299 moribus

223 3328 276 3366 et
293 3318 391 3367 ritu
412 3336 618 3369 romano
641 3321 950 3389 compositae3
985 3333 1037 3370 ut
1066 3320 1293 3387 palliatae
1313 3330 1550 3386 vocantur
1568 3354 1585 3382 ‚
1612 3332 1723 3385 qua
1736 3314 1811 3375 ad

181 3424 188 3431 .
223 3383 556 3445 imitationem
571 3388 870 3447 firmorum
895 3400 1012 3441 sunt
1036 3386 1337 3455 compositae.
1356 3382 1538 3441 fam.
