2188 3757
632 204 745 270 DE
795 207 1458 280 cormvznnonum.
1657 209 1780 289 193

196 314 274 359 ex
295 289 813 360 nostris-contra
842 290 1241 363 Ciceronem
1265 293 1770 364 nominaretur:

192 394 387 450 tanta
416 381 487 448 in
514 407 595 450 eo
628 382 727 450 vis
764 394 899 463 est,
942 383 1011 450 id
1044 408 1328 452 acumen
1351 437 1368 466 ‚
1421 409 1500 452 ea
1543 383 1778 454 conci-
1803 417 1831 428 ·¹

194 473 365 541 tatio
387 525 406 556 ‚
450 483 525 541 ut
562 471 756 540 illum
789 473 1031 542 eodem
1066 475 1295 545 animo
1325 473 1608 558 dixisse,
1640 501 1804 566 quo·

194 562 526 646 bellavit,
588 575 932 656 appareat.
996 570 1298 634 Exornat
1353 577 1578 634 tamen
1643 566 1786 636 haec

196 653 430 732 omnia
475 653 647 722 mira
684 653 1051 740 sermoni5‚
1087 661 1280 746 cujus
1308 657 1581 748 proprie
1620 670 1779 728 stu-

196 744 435 817 diosus
458 745 627 830 fuit,
668 745 1032 838 elegantia.
1207 807 1211 814 .

290 836 594 904 Multum
630 837 891 930 ingenii
929 837 997 905 in
1036 835 1287 921 Coelio,
1331 849 1396 906 et
1439 837 1780 929 praecipue
1827 845 1835 853 “

195 927 269 999 in
305 927 689 996 accusando
728 927 939 997 multa
968 926 1321 1020 urbanitas
1349 983 1366 1012 ‚
1395 928 1809 1020 dignusque,

192 1018 338 1103 vir,
375 1017 487 1087 cui
522 1030 587 1087 et
620 1045 811 1102 mens
856 1018 1138 1104 melior,
1172 1033 1260 1089 -et
1312 1020 1454 1090 vita
1509 1019 1806 1112 longior

195 1109 622 1205 contigisset.
986 1181 995 1186 ς

144 1267 147 1269 Α
282 1200 525 1274 Inveni
555 1200 672 1294 qui
698 1199 979 1272 Calvum
1008 1197 1408 1292 praeferrent
1441 1199 1794 1288 omnihus,

193 1291 433 1361 inveni
475 1295 589 1384 qui
628 1318 783 1363 eum
818 1289 1027 1376 nimia
1066 1304 1302 1360 contra
1341 1319 1410 1362 se
1438 1293 1786 1363 calumnia

191 1407 432 1451 verum
466 1384 865 1476 sanguinem
917 1381 1292 1474 perdidisse
1340 1411 1354 1451 :
1399 1384 1516 1452 sed
1561 1397 1660 1452 est
1712 1396 1780 1452 et

190 1487 427 1544 sancta
460 1487 529 1543 et
565 1474 786 1566 gravis
842 1475 1100 1558 orati0‚
1165 1486 1232 1543 et
1273 1475 1636 1566 castigata,
1703 1489 1808 1544 et.-

190 1564 588 1657 frequenter
612 1564 975 1648 vehemens
1014 1591 1309 1656 quoque.
1343 1567 1653 1634 Imitator
1679 1577 1782 1633 est

190 1668 423 1726 autem
470 1656 854 1725 Atticorum
882 1709 898 1738 ,
938 1656 1233 1748 fecitque
1278 1655 1376 1723 illi
1417 1668 1786 1747 properata

188 1772 375 1818 mors
434 1747 757 1832 injuriam
789 1800 807 1831 ‚
858 1747 910 1815 si
947 1745 1113 1838 quid
1151 1746 1578 1836 adjecturuS,
1638 1771 1782 1817 non

192 1837 250 1909 si
284 1837 453 1929 quid
487 1837 917 1932 detracturus
954 1839 1106 1908 fuit.
1800 1894 1805 1903 .

284 1936 376 1999 Et
423 1930 697 1999 Servius
730 1930 847 2001 Sul
905 1930 1067 1999 itius
1103 1928 1440 2021 insignem
1477 1954 1618 1997 non
1654 1929 1781 1999 im·-

190 2020 449 2093 merito
490 2021 734 2090 famam
776 1957 989 2090 trissus
1026 2019 1455 2089 orationibus
1513 2022 1786 2089 meruit.

188 2112 421 2181 Multa
449 2164 467 2197 ‚
516 2112 571 2181 si
635 2140 788 2182 cum
865 2111 1127 2201 judicio
1205 2110 1512 2203 legatur,
1579 2110 1776 2180 dabit

192 2204 580 2273 imitatione
608 2202 815 2297 digna
840 2202 1110 2271 Cassius
1136 2208 1422 2272 Severus
1460 2227 1475 2268 ε
1527 2202 1640 2307 qui
1662 2253 1678 2285 ‚
1713 2201 1772 2271 si

194 2294 457 2364 caeteris
503 2294 871 2363 virtutibus
908 2294 1205 2375 colore-m
1257 2305 1322 2361 et
1383 2306 1788 2399 gravitatem

194 2384 535 2455 orationis
571 2384 966 2474 adjecisset,
1002 2384 1362 2477 ponendus
1397 2397 1575 2453 inter
1603 2392 1794 2475 prae--'

193 2476 438 2568 cipuos
492 2478 689 2545 foret.
730 2483 900 2547 Nam
937 2489 1003 2545 et
1054 2476 1336 2567 ¹ingenii
1407 2474 1784 2564 plurimum

193 2580 297 2637 est
333 2567 406 2635 in
444 2593 523 2636 eo
548 2619 567 2651 ‚
598 2579 665 2636 et
696 2566 1029 2636 acerbitas
1059 2568 1227 2636 mira
1249 2596 1271 2647 ,·
1302 2577 1365 2632 et
1404 2564 1784 2653 urbanitas,

192 2669 264 2729 et
298 2657 400 2729 vis
434 2684 691 2727 summa
728 2686 743 2728 z
780 2658 897 2726 sed
934 2657 1083 2749 plus
1121 2654 1470 2743 stomacho
1496 2708 1514 2739 ‚
1569 2681 1777 2747 quam

194 2748 489 2819 consilio
542 2748 774 2818 dedit:
806 2761 1128 2839 praeterea
1169 2760 1242 2813 ut
1299 2747 1510 2815 amari
1575 2747 1794 2835 sale5‚

124 2873 135 2881 ·
192 2840 293 2910 ita
320 2838 1117 2933 frequentet-amaritudo
1153 2838 1296 2929 ipsa
1336 2838 1626 2908 ridicula
1660 2853 1782 2909 est.

286 2937 465 3001 Sunt
506 2945 573 2999 et
605 2930 723 3000 alii
766 2930 959 2999 multi
1012 2930 1300 3011 diserti,
1337 2957 1506 3021 quos
1561 2955 1784 3022 perse-

194 3024 316 3114 qui
374 3022 653 3113 iongum
692 3035 812 3091 est.
878 3028 1134 3090 Eorum
1161 3074 1178 3106 ‚
1234 3046 1402 3111 quos
1458 3020 1742 3091 viderim
1766 3075 1788 3108 ,

190 3114 551 3187 Domitius
586 3114 783 3195 Afer,
817 3125 883 3181 et
916 3113 1164 3182 Julius.
1190 3112 1555 3181 Africanus
1633 3112 1784 3180 lon·
1878 3144 1884 3153 ·

190 3230 279 3299 ge
324 3204 886 3297 praestantissimi.
923 3202 1309 3272 Verborum
1349 3214 1490 3269 arte
1527 3164 1638 3271 ilie
1664 3256 1682 3285 ‚
1717 3216 1788 3273 et

189 3308 629 3385 toto-genere
660 3294 934 3364 dicendi
960 3291 1420 3387 praeferendus
1445 3345 1462 3375 ‚
1488 3304 1556 3361 et
1587 3320 1794 3386 quem

407 3386 612 3457 Tome
668 3384 765 3457 ΙΙ.’
1448 3390 1481 3465 I
