2188 3757
340 189 481 276 392
614 252 620 258 .
722 187 907 256 Lu.
969 187 1154 256 XII.
1203 187 1386 256 Cu.
1433 187 1576 256 XI.

344 283 627 362 ceam),
667 275 1106 362 declamitare
1146 278 1216 347 in
1256 277 1489 348 schol-a
1512 331 1531 364 ,
1560 275 1928 348 et'tantu'm

342 368 610 440 laboris
656 367 727 439 in
782 368 1004 442 rebusj
1046 367 1232 438 falsis
1283 391 1682 440 consumere
1711 421 1730 456 ‚
1775 375 1932 438 cu'm

345 461 509 532 satis
556 461 643 530 sit
686 460 961 532 modico
1000 473 1309 552 tempore
1339 461 1708 554 imaginem
1753 461 1934 532 veri!

348 551 807 636 discriminis,
834 565 903 621 et
934 551 1212 624 dicendi
1249 551 1428 644 leges
1464 553 1875 645 comperisse
1909 560 1940 622 ἓ

439 643 651 732 Quod
686 669 825 714 non
858 643 1056 728 dico,
1093 642 1254 749 quia
1288 645 1376 713 sit
1409 670 1710 738 unquam
1733 643 1940 714 omit-

344 735 559 806 tenda
592 734 872 806 dicendi
914 735 1360 820 exercituin,
1403 735 1523 806 sed
1576 736 1742 831 quia
1789 760 1940 804 non

350 827 441 898 sit
490 827 563 896 in
610 853 746 896 una
800 830 947 915 ejus
1010 826 1235 932 specie
1283 827 1943 898 consenescendum.

354 923 457 1005 (1)
493 923 922 1010 Cognoscere
948 943 1166 1004 emm,
1201 931 1272 988 et
1290 931 1622 1012 praecepta
1657 917 1945 990 vivendi

350 1009 741 1104 perdiscere
764 1063 789 1094 ‚
830 1009 997 1080 etin
1033 1010 1184 1080 foro
1221 1035 1348 1080 nos
1381 1010 1671 1102 experiri
1707 1009 1949 1117 potui-

352 1128 545 1188 mus,
585 1099 753 1172 dum
792 1100 1180 1172 scholastici
1215 1128 1470 1172 sumus.
1509 1108 1610 1186 (2)
1639 1100 1949 1172 Dicendi

351 1193 533 1264 ratio
574 1193 731 1264 talis
758 1244 783 1278 ,
828 1205 905 1262 ut
942 1213 1096 1263 ‘non
1137 1193 1388 1264 multos
1431 1219 1648 1263 annos
1683 1204 1947 1286 poscat.

356 1284 706 1374 Quaelibet
760 1285 946 1354 enim
1006 1311 1085 1354 cx
1135 1283 1222 1355 iis
1273 1284 1540 1355 artibus
1573 1339 1592 1372 ‚
1651 1309 1952 1378 quarum

350 1377 551 1472 prius
584 1375 797 1446 habui
834 1376 1258 1446 mentionem
1283 1428 1302 1461 ‚
1339 1376 1410 1446 in
1445 1399 1698 1469 paucos
1730 1376 1957 1446 libros

360 1467 675 1539 contrahi
741 1467 943 1536 solet.
986 1465 1186 1538 Adeo
1239 1466 1520 1539 infinito
1569 1467 1793 1562 spatio
1869 1493 1954 1538 ac

356 1558 736 1630 traditione
763 1585 936 1652 opus
968 1585 1109 1632 non
1141 1570 1265 1630 est.
1297 1560 1594 1655 Reliqua
1618 1573 1762 1648 est,
1798 1585 1956 1654 qua

270 1711 279 1718 .
334 1651 548 1724 *ires
581 1652 723 1722 cito
755 1651 956 1736 facit,
990 1653 1438 1723 consuetudo.

450 1749 712 1813 Rerum
764 1743 1071 1838 cognitio
1131 1744 1440 1836 quotidie
1499 1743 1809 1830 crescit3
1881 1744 1994 1814 et‘

360 1846 593 1905 tamen
623 1907 630 1913 ,
662 1841 805 1920 (3)
853 1835 1226 1905 multoffium
1305 1835 1393 1905 ad
1427 1860 1540 1907 eas
1618 1836 1958 1908 librorum

361 1926 745 1996 necessaria
788 1924 995 1995 lectio
1054 1938 1202 2011 est,
1249 1924 1502 2021 quihus
1553 1941 1670 1999 aut
1723 1954 1960 1999 rerum

363 2016 669 2111 exempla
724 2016 811 2088 ab
864 2014 1218 2090 historicis
1253 2073 1274 2104 ‚
1347 2034 1465 2090 aut
1519 2018 1796 2091 dicendi
1865 2020 1960 2091 ab

364 2109 753 2181 oratoribus
822 2110 1753 2219 etuntur?Philosophorum
1789 2138 1962 2205 quo-
2023 2132 2031 2139 ’

366 2228 499 2295 que
568 2226 780 2271 consu
814 2214 1175 2297 torumque
1243 2204 1606 2298 opinlones
1655 2257 1675 2290 ‚
1743 2204 1958 2275 sicuti

366 2292 536 2378 alia,
554 2293 843 2365 velimus
865 2292 1093 2386 legere
1109 2346 1130 2378 ,
1156 2296 1616 2367 necessarium
1635 2306 1764 2365 est.
1781 2302 1958 2384 Quae

366 2384 649 2479 quidem
674 2410 1032 2479 possumus
1066 2388 1296 2457 omnia
1320 2416 1340 2457 ε
1365 2388 1486 2459 sed
1509 2387 1717 2458 breve
1753 2388 1964 2457 nobis

367 2489 510 2547 tem
562 2502 643 2547 us
710 2503 835 2547 nos
912 2478 1250 2549 fecimus..
1287 2480 1719 2569 Quantulum
1775 2480 1970 2552 enim

366 2580 476 2637 stu
532 2568 619 2639 iis
670 2567 1106 2662 impartimur
1153 2578 1182 2642 ’τ’
1235 2570 1426 2643 Alias
1485 2572 1690 2643 horas
1739 2596 1968 2642 vanus

370 2658 719 2729 salutandi
794 2660 990 2731 labor
1032 2714 1053 2747 ‚
1139 2662 1307 2733 alias
1387 2662 1624 2732 datum
1709 2662 1971 2734 fabulis

369 2750 593 2823 otium
627 2804 650 2839 ,
704 2752 871 2839 alias
924 2754 1368 2847 spectacula,
1423 2754 1592 2825 alias
1636 2754 1959 2827 convivia

446 2932 471 3001 (
494 2952 511 2985 ι
537 2933 561 3002 )
594 2932 809 2987 Videtur
826 2933 1024 3003 aliquid
1044 2934 1232 3007 deesse,
1251 2937 1390 3007 quod
1405 2938 1642 2990 referatur
1667 2936 1733 2989 ad
1749 2953 1972 3007 cogno-e·-

370 3010 509 3067 ὀστᾶ,
534 3014 589 3051 ut
615 3000 792 3053 multa.

441 3099 554 3169 (α)
587 3098 691 3165 Alii
718 3101 890 3168 legunt
908 3135 925 3159 ‚
945 3100 1170 3153 discendi
1188 3106 1344 3171 ratio,
1359 3104 1438 3157 vel
1454 3143 1473 3173 ‚
1500 3104 1732 3157 docendi.

442 3197 467 3265 (
486 3197 517 3247 3
544 3198 567 3265 )
590 3198 798 3265 Argent.
818 3200 975 3251 editio
998 3200 1147 3253 habet
1163 3218 1255 3270 per
1275 3203 1714 3282 interrogationem
1731 3192 1788 3254 *et
1799 3212 1974 3253 tamen

372 3280 525 3331 quam
551 3264 808 3315 multorum
822 3305 838 3330 ,
860 3278 950 3317 etc.
982 3280 1035 3317 ut
1054 3267 1120 3317 sit
1143 3288 1310 3323 sensus
1329 3311 1345 3342 ,
1363 3288 1466 3325 non
1495 3284 1566 3325 lta
1588 3272 1766 3325 multos
1787 3288 1890 3323 esse
1909 3268 1978 3321 li-

368 3330 484 3387 bros
502 3346 718 3398 quorum
748 3332 1021 3387 necessaria
1038 3332 1103 3385 sit
1122 3335 1292 3389 lectio.
