2188 3757
681 210 804 275 DE
858 210 1223 278 Tnorrs.
1464 226 1475 235 ’
1664 233 1749 294 91

167 298 318 371 bole
353 298 534 369 ultra
587 296 792 367 fidem
829 348 852 381 ‚
905 323 1044 367 non
1098 310 1321 367 tamen
1372 296 1759 371 esse-debet

171 392 354 463 ultra
389 388 672 461 modum
696 416 716 457 z
751 414 878 459 nec
919 388 1054 459 alia
1075 390 1293 483 magis
1326 388 1435 460 via
1460 390 1531 459 in
1580 426 1757 465 κακον

171 489 366 567 §nala
411 481 573 552 itur.

264 571 474 665 Piget,
517 570 768 639 referre
816 568 1112 661 plurima
1159 568 1326 639 hinc
1360 582 1509 639 orta
1542 570 1754 655 vitia,

175 688 330 732 cum
361 662 734 755 praesertim
761 660 1041 731 minime
1073 661 1211 732 sint
1240 661 1473 754 ignota
1500 676 1567 729 et
1600 660 1757 733 obs-

174 764 364 823 cura.
417 760 705 824 Monere
755 752 916 821 satis
973 766 1109 835 est,
1159 750 1435 821 mentiri
1489 750 1758 845 Hyper-

174 843 404 927 bolen,
449 870 576 913 nec
611 844 747 928 ita,
789 856 861 911 ut
888 844 1247 913 mendacio
1289 844 1523 913 fallere
1568 843 1755 912 velit.

177 940 338 1023 Quo
375 936 588 1027 magis
624 933 1034 1003 intuendum
1079 947 1223 1018 est,
1260 959 1613 1027 quousque
1646 934 1758 1003 de-

177 1040 327 1095 ceat
377 1026 694 1095 extollere
726 1076 747 1110 ‚
793 1020 979 1117 quod
1011 1024 1211 1093 nobis
1251 1050 1392 1093 non
1426 1024 1749 1093 creditur.

175 1118 500 1187 Pervenit
535 1116 677 1186 haec
701 1134 809 1189 res
835 1113 1384 1207 frequentissime
1408 1115 1497 1185 ad
1520 1116 1765 1184 risum:

171 1208 300 1301 qui
328 1210 383 1278 si
409 1220 714 1300 captatus
738 1218 860 1291 est,
897 1204 1341 1291 urbanitatis3
1364 1206 1471 1276 sin
1503 1205 1747 1291 aliter,

176 1300 488 1369 stultitiae
523 1322 774 1369 nomen
809 1298 1219 1389 assequitur.

267 1396 394 1461 Est
439 1402 670 1459 autem
717 1388 788 1457 in
833 1414 964 1457 usu
994 1441 1013 1474 ‚
1069 1384 1277 1480 vulgo
1326 1410 1597 1493 quoque
1624 1441 1643 1472 ‚
1688 1401 1758 1459 et

176 1482 365 1551 inter
401 1478 818 1564 ineruditos,
859 1479 1143 1571 etapud
1187 1492 1518 1564 rusticos3
1550 1478 1757 1549 vide-

175 1572 344 1643 licet
446 1570 582 1641 uod
627 1582 873 1640 natura
915 1582 1019 1640 est
1071 1568 1397 1641 omnibus
1459 1570 1757 1661 augendi

177 1689 288 1732 res
344 1688 424 1733 ve
507 1660 864 1731 minuendi
929 1659 1271 1753 cupiditas
1322 1660 1529 1729 insita
1564 1711 1583 1744 ‚
1628 1685 1755 1730 nec

177 1754 540 1846 quisquam
576 1778 737 1822 vero
780 1764 1144 1821 contentus
1192 1762 1313 1819 est.
1354 1750 1485 1821 Sed
1518 1748 1760 1841 ignos-
1828 1820 1835 1826 ,

179 1846 364 1914 citur
401 1899 419 1930 ‚
476 1844 635 1936 quia
708 1868 850 1914 non
915 1844 1349 1913 affirmamus.
1415 1847 1597 1911 Tum
1658 1854 1759 1912 est

175 1935 566 2030 Hyperbole
613 1936 870 2017 virtus,
919 1960 1072 2003 cum
1116 1959 1227 2004 res
1260 1933 1450 2024 ipsa,
1500 1933 1583 2002 de
1624 1929 1793 2024 qua'

177 2027 602 2119 loquendum
637 2039 778 2109 est,
809 2022 1192 2093 naturalem
1228 2023 1504 2092 modum
1538 2047 1762 2092 exces-

177 2119 292 2188 sit.
317 2117 737 2187 Conceditur
769 2115 953 2186 enim
979 2112 1271 2205 amplius
1298 2111 1525 2182 dicere
1548 2165 1566 2196 .‚
1598 2113 1757 2216 quia

179 2208 362 2293 dici,
409 2219 742 2300 quantum
785 2218 930 2289 est,
974 2230 1114 2274 non
1150 2215 1374 2296 potest
1415 2230 1431 2271 ε
1484 2203 1761 2271 melius-

179 2327 314 2393 que
343 2299 522 2368 ultra
548 2351 568 2385 ,
602 2322 804 2392 quam
835 2296 1044 2383 citra,
1086 2305 1217 2365 stat
1243 2293 1485 2365 oratio.
1514 2291 1645 2364 sed
1677 2291 1760 2364 de

177 2391 312 2462 hac
351 2387 515 2462 satis
547 2441 565 2474 ,
623 2383 784 2483 quia
857 2387 1153 2459 eundem
1210 2387 1435 2457 locum
1483 2385 1755 2479 plenius

179 2482 260 2552 in
313 2509 398 2554 eo
448 2481 625 2552 libro
656 2534 675 2564 ‚
725 2507 863 2574 quo
921 2505 1156 2551 causas
1219 2487 1551 2569 corruptus
1604 2475 1765 2548 elo-

179 2575 480 2668 quentiae
512 2571 966 2646 reddebamus
986 2625 1008 2660 ‚
1039 2570 1501 2642 tractavimus,

726 2964 731 2973 “
793 2973 1158 3008 mutuum-u
