2188 3757
42 3160 51 3229 l

42 3252 61 3395 l

568 183 683 251 nn„
736 203 1013 250 nonius
1058 187 1479 252 venzonum.
1699 185 1828 256 115

228 273 967 367 tanquamjercndum.
1000 277 1087 342 Et
1121 275 1484 367 participio
1530 297 1654 367 pro
1685 303 1830 347 ver-

226 363 325 435 bo
356 393 372 435 2
416 364 599 437 Volo
638 365 933 436 datum...

332 464 511 528 Haec
576 457 911 528 schemata
938 507 957 539 ‚
1023 466 1093 530 et
1155 453 1264 524 his
1324 455 1570 530 similia
1603 507 1622 542 ,
1679 483 1830 545 quas

233 562 455 618 erunt
494 575 617 642 per
651 549 1140 630 mutationem,
1175 545 1662 635 adjectionem,
1711 548 1832 620 de·-

233 641 657 712 tractionem
678 693 697 724 ,
731 637 1045 712 ordinem
1066 691 1085 723 ,
1119 650 1188 708 et
1217 651 1624 710 convertunt
1655 639 1726 710 in
1761 667 1834 710 se

230 731 681 814 auditorem,
732 755 859 800 nec
910 731 1236 821 languere
1283 730 1642 822 patiuntur
1670 731 1832 802 sub-

108 893 111 901 ,
232 821 407 892 inde
446 822 679 914 aliqua
719 821 1009 892 notabili
1057 820 1276 914 figura
1309 822 1676 892 excitatum
1701 877 1720 906 ,
1757 837 1830 894 et

236 912 507 984 habent
532 913 877 1006 quandam
930 939 1007 984 ex
1040 913 1158 984 illa
1187 913 1342 983 vitii
1373 912 1830 986 similitudine

231 1006 531 1114 gratiam
581 1059 599 1092 ,
658 1019 735 1075 ut
788 1006 861 1077 in
920 1004 1091 1074 cibis
1145 1003 1422 1074 interim
1471 1031 1632 1077 acor
1679 1006 1828 1098 ipse

231 1097 587 1187 jueu‘ndus
632 1109 757 1167 est.
808 1096 1019 1184 Quod
1052 1094 1454 1186 continget,
1503 1097 1558 1164 si
1603 1122 1830 1190 neque

230 1215 445 1282 supra
481 1189 759 1260 modum
795 1187 1023 1277 multae
1046 1185 1344 1270 suerint,
1374 1211 1501 1258 nec
1521 1188 1828 1276 ejusdem

228 1280 513 1372 generis
545 1293 661 1350 aut
693 1285 980 1370 junctae,
1018 1291 1139 1348 aut
1170 1277 1562 1370 fsequentes
1595 1305 1618 1364 3
1662 1281 1826 1372 quia

228 1373 621 1442 satietatem
648 1424 669 1456 ‚
706 1383 782 1441 ut,
812 1371 1106 1442 varietas
1138 1393 1412 1456 earum,
1449 1370 1544 1440 ita
1579 1372 1830 1444 raritas

231 1463 505 1554 effugit.
1777 1513 1786 1520 -

329 1552 607 1624 11.1llud
640 1565 741 1624 est
772 1551 995 1622 acrius
1014 1577 1266 1644 genus,
1294 1551 1476 1644 quod
1509 1578 1652 1624 non
1679 1566 1828 1624 tan-

233 1655 383 1714 tum
419 1644 489 1717 in
526 1646 791 1716 ratione
827 1644 1125 1735 positum
1157 1654 1257 1712 est
1290 1642 1656 1735 loquendi,
1703 1645 1826 1714 sed

235 1735 407 1828 ipsis
458 1735 771 1808 sensibus
820 1749 963 1806 tum
1013 1733 1352 1828 gratiam,
1414 1735 1826 1808 tumetiam

234 1828 417 1899 vires
450 1825 940 1903 accommodat.
1863 1886 1872 1892 .

334 1946 393 1989 1.
461 1926 521 1991 E
554 1918 801 2013 quibus
838 1918 1130 2011 primum
1168 1918 1302 2002 sit,
1349 1917 1536 2011 quod
1581 1916 1664 1988 fit·
1700 1944 1827 2012 per

236 2010 719 2101 adjectionem.
771 2011 979 2081 Plura
1030 2024 1190 2079 sunt
1242 2034 1512 2101 genera.
1547 2017 1719 2081 Nam
1755 2022 1828 2079 et

234 2106 339 2193 (1)
411 2102 619 2177 verba
673 2105 1160 2196 geminantur-3
1203 2100 1305 2169 vel
1353 2100 1821 2191 amplificandi

282 2194 499 2278 tatia,
532 2208 605 2265 ut
656 2222 672 2264 ε
725 2201 849 2281 (2)-
894 2192 1176 2274 Occidi,
1229 2193 1478 2273 occidi,
1525 2218 1654 2261 non
1703 2190 1826 2283 Sp.

236 2220 521 2357 §Helium
556 2294 586 2371 (
616 2286 909 2358 alterum
945 2302 1045 2357 est
1079 2284 1262 2357 enim
1295 2282 1482 2377 quod
1523 2282 1833 2370 indicat,

238 2378 529 2449 atterum
580 2378 771 2473 quod
808 2378 1198 2463 affirmat);
1258 2377 1364 2449 vel
1403 2376 1822 2463 miserandi,

240 2482 313 2541 ut
344 2498 365 2541 τ

296 2610 399 2662 Ah
433 2608 675 2679 Corydon
696 2652 713 2680 ,
743 2610 987 2679 Corydon
990 2640 1276 2663 ......
1291 2570 1298 2579 ¹
1318 2642 1332 2657 .
1367 2644 1380 2658 .
1503 2610 1508 2618 '

1209 2708 1252 2741 ι.
1271 2688 1448 2760 Eclog.
1461 2688 1550 2756 69.

240 2816 402 2898 Quae
436 2809 677 2880 eadem
727 2810 947 2903 figura
996 2832 1496 2905 nonnunquam
1533 2832 1656 2901 per
1685 2810 1822 2877 iro-

240 2908 415 2972 niam
468 2902 553 2971 ad
603 2900 1015 2971 elevandum
1061 2902 1506 2975 convertitur.
1562 2898 1826 2971 similis

238 2994 721 3085 geminationis
770 3005 926 3085 post
972 2992 1059 3061 ali
1119 3019 1273 3066 uam
1312 2996 1819 3083 interjectionem

242 3086 553 3177 repetitio
588 3096 690 3154 est
712 3137 735 3171 ,
788 3084 906 3154 sed
954 3020 1162 3177 patilo
1197 3086 1404 3155 etiam
1437 3080 1826 3153 vehemen-

305 3242 349 3304 (ι
414 3240 719 3292 Geminatio.

308 3242 385 3377 (αξ
408 3310 540 3365 Vide
566 3325 660 3377 pru
682 3306 875 3363 Milone
892 3344 910 3375 ,
928 3322 1069 3357 num.
1103 3322 1186 3374 γλ.
