2188 3757
311 244 453 329 372
701 241 900 311 Lu.
955 242 1145 309 x11.
1191 241 1375 308 Car.
1424 242 1515 307 X.

225 404 240 420 ,
318 330 610 401 virtutes
635 382 656 415 ‚
687 356 858 423 quas
896 329 1012 399 ille
1047 354 1351 399 summus
1377 342 1609 399 orator
1639 328 1931 419 hahuit,

313 432 549 491 tamen
577 446 724 513 quae
753 421 1050 491 defuisse
1081 420 1187 505 ei,
1218 420 1602 513 siveipsius
1628 436 1925 511 natura,

315 512 460 585 sive
515 511 666 605 lege
725 512 1024 584 civitatis
1100 512 1426 583 videntur
1447 565 1465 595 ‚
1532 512 1923 602 adjecerit,

313 615 398 673 ut
453 602 744 674 affectus
799 603 1212 675 concitatius
1265 616 1533 673 moveat
1564 656 1588 688 ‚-
1632 604 1919 675 audiam

319 692 668 765 dicentem
713 721 729 765 z
784 696 948 765 Non
967 694 1153 787 jecit
1198 694 1323 763 hoc
1372 694 1847 765 Demosthenes
1884 698 1917 765 ?

318 798 397 857 et
430 784 488 855 si
524 786 692 879 quid
716 786 954 856 exierit
981 786 1289 855 numeris
1308 784 1535 889 aptius
1568 787 1919 868 (fortasse

198 914 210 923 ‚
316 900 466 947 non
498 878 764 970 possit)
783 903 805 963 3
839 876 958 947 sed
991 890 1217 946 tamen
1240 928 1261 959 ,
1310 903 1365 945 sl
1416 876 1589 968 quid
1617 877 1860 947 exierit
1883 930 1917 963 ,

317 992 466 1039 non
501 969 630 1039 erit
665 968 1000 1039 atticum?
1029 965 1285 1037 Melius
1332 966 1416 1036 de
1458 967 1589 1037 hoc
1622 968 1915 1047 nomine

323 1060 672 1145 sentiant,
707 1060 1124 1154 credantque
1156 1062 1355 1129 attice
1384 1058 1601 1129 dicere
1622 1084 1761 1130 esse
1784 1086 1915 1151 op—

321 1153 477 1221 time
508 1152 748 1223 dicere.

409 1246 639 1336 Atque
666 1242 738 1312 in
772 1240 908 1312 hae
935 1254 1162 1311 tamen
1214 1238 1541 1332 opinione
1574 1266 1912 1333 perseve-

313 1345 553 1401 rantes
579 1340 848 1403 Graecos
883 1332 1099 1423 magis
1130 1332 1429 1400 tulerim.
1451 1332 1700 1403 Latina
1726 1331 1909 1403 mihi

313 1422 646 1492 facundia
673 1476 692 1509 ‚
747 1435 825 1491 ut
887 1422 1287 1493 inventione
1326 1474 1346 1505 ‚
1403 1420 1907 1514 dispositione,

311 1514 604 1583 consilio
625 1513 1058 1607 ‚caeterisqu'e
1091 1512 1305 1603 hujus
1326 1513 1595 1605 generis
1626 1512 1905 1585 artibus-

313 1605 558 1675 similis
611 1632 837 1699 graecae
893 1630 972 1675 ac
1027 1630 1305 1698 prorsus
1354 1603 1691 1695 discipula
1748 1608 1909 1711 eins»

81 1780 89 1791 Ι
191 1718 212 1743 ·-
308 1694 586 1766 videtur
601 1723 624 1781 ;
653 1698 746 1767 ita
785 1696 966 1765 circa
1005 1697 1343 1765 rationem
1376 1690 1747 1785 eloquendi
1783 1722 1903 1767 le

307 1784 563 1857 habere
628 1786 1033 1855 imitatio-nis
1106 1784 1355 1855 locum..
1414 1790 1723 1877 Namque
1790 1800 1903 1859 est

306 1876 480 1967 ipsis
507 1877 732 1946 statim
775 1901 982 1945 sonus
1025 1875 1333 1959 dulcior,
1374 1876 1653 1968 quando
1692 1883 1898 1966 etju-

307 1961 757 2036 candissimas
777 1993 857 2036 ex
875 1967 1129 2038 Graecis
1148 1987 1305 2038 vere
1326 1967 1589 2046 litteras
1610 1995 1749 2038 non
1774 1968 1901 2040 ha-

304 2055 567 2144 bemus,
587 2057 874 2142 vocalem
893 2057 1206 2144 alteram,
1226 2057 1507 2128 alteram
1528 2085 1897 2130 consonan-

300 2161 465 2237 tem,
513 2150 764 2244 quibus
819 2150 1020 2222 n-ulIae
1063 2150 1248 2242 apud
1288 2177 1402 2220 eos
1442 2149 1712 2221 dulcius
1747 2178 1775 2221 s
1832 2154 1895 2222 i·—

301 2254 499 2310 rant:
533 2269 698 2334 quas
733 2241 1031 2310 mutuari
1067 2241 1399 2324 solemn-5,
1482 2242 1699 2310 uoties
1734 2179 1897 2314 ἰίΐο-

297 2357 454 2419 ιζυηι
493 2332 890 2402 nominibus
937 2331 1217 2403 utimur.
1260 2337 1417 2420 Quo
1502 2357 1653 2402 cum
1700 2357 1891 2404 con·-

293 2421 537 2514 tingit,
571 2423 800 2494 nescio
827 2422 1178 2516 quomodo
1203 2422 1388 2493 velut
1412 2421 1699 2491 hilarior
1725 2450 1885 2516 pro-

293 2513 484 2583 tinus
531 2514 802 2584 renidet
851 2514 1119 2598 oratio,
1172 2526 1250 2583 ut
1301 2514 1373 2582 in
1420 2514 1707 2606 Zepynk
1734 2516 1887 2585 Zo-

280 2611 638 2696 pyrisque:
664 2633 810 2698 quae
837 2604 894 2675 si
922 2604 1173 2675 nostris
1192 2604 1437 2674 litteris
1459 2603 1886 2696 scri-bantur,

289 2695 573 2788 surdum
614 2695 940 2789 quiddam
990 2708 1054 2766 et
1104 2695 1471 2765 barbarum
1515 2696 1815 2768 efficient
1849 2753 1879 2784 ,

287 2797 356 2874 et
393 2783 577 2855 velut
606 2785 678 2854 in
706 2787 940 2856 locum.
971 2812 1205 2856 earum
1244 2785 1610 2856 succedent
1642 2789 1878 2860 tristes
1914 2827 1933 2840 κ

285 2889 357 2945 et
390 2875 692 2948 horridae
716 2928 737 2961 ‚
773 2876 1027 2968 quibus
1059 2877 1321 2947 Graecia
1355 2890 1569 2947 caret.
1592 2884 1764 2950 Nam
1798 2895 1874 2950 et.

199 3013 232 3042 .
281 2967 403 3037 illa
429 3021 447 3051 ‚
494 2994 640 3061 quae
675 2981 860 3040 sexta
901 2980 1004 3037 est
1040 2981 1464 3050 nostrarum,
1516 2995 1688 3060 pene
1717 2997 1869 3042 non

278 3057 580 3129 humana
611 3083 816 3144 voce,
855 3058 958 3128 vel
1001 3060 1286 3128 omnino
1336 3085 1483 3128 non·
1519 3086 1684 3130 voce
1724 3088 1869 3154 po·-

271 3147 450 3236 tius,
506 3151 688 3221 inter
745 3149 1143 3222 discrimina
1197 3148 1510 3221 dentium
1566 3153 1865 3226 efflanda

271 3254 424 3309 est=
475 3267 622 3334 quae
671 3241 876 3311 etiam
925 3267 1080 3310 cum
1132 3240 1419 3312 vocalem
1476 3243 1857 3334 proximam

269 3332 560 3424 accipit,
601 3357 873 3424 vquassa
927 3333 1225 3426 quodam
1272 3333 1478 3406 modo
1529 3386 1553 3426 2
1614 3336 1857 3432 utique
