2188 3757
36 3464 56 3714 ἡ
36 3194 49 3447 -ψή--η
36 2992 45 3155 *-
36 2748 47 2929 -ή-ψ-ή-
37 2674 40 2721 -
37 2430 44 2599 —vv
37 2236 40 2353 -„-

710 219 835 286 ΠΒ
904 217 1282 288 Οικᾼτυ.
1507 287 1524 302 ,
1697 225 1788 302 49

204 331 361 402 eeps
427 305 635 378 hilari
677 359 701 396 ‚
756 307 1063 400 jucundo
1104 359 1124 392 ,
1179 314 1500 378 accurato
1551 303 1796 380 diver-

206 425 354 470 sum
411 414 538 470 est.

212 509 215 512 ’
294 490 603 572 Vitanda
620 501 691 560 et
718 500 975 579 'admi-2
1002 515 1157 561 cum
1189 487 1486 560 sermoni
1510 487 1795 583 quidem
1823 544 1830 555 .

205 583 399 654 deest
470 581 732 675 aliquid
780 636 799 667 ‚
863 609 1001 676 quo
1061 581 1289 660 minus
1352 581 1596 674 plenus
1656 582 1794 651 sit:

206 699 605 768 quanquam
636 673 710 744 id
735 674 1038 744 obscurae
1075 673 1304 766 potius
1330 725 1348 756 ‚
1377 697 1583 765 quam
1605 672 1802 760 inor-5

209 777 386 834 natae
414 764 747 834 orationis
778 765 1021 835 vitium
1052 775 1176 834 est.
1203 763 1334 832 Sed
1358 762 1491 832 hoc
1523 787 1800 856 quoque

211 881 367 925 cum
402 882 440 925 a
474 853 932 948 prudentibus
966 855 1081 939 fit,
1128 849 1388 924 schema
1415 852 1550 923 dici
1585 853 1797 938 solet,

212 947 391 1018 sicut
426 951 761 1024 ταυτολογία-
783 999 801 1032 ,
846 945 917 1016 id
952 959 1087 1031 est,
1119 945 1422 1034 ejusdem
1455 943 1646 1013 verbi
1679 955 1811 1014 aut*

212 1035 549 1108 sermonis
602 1035 900 1107 iteratio.
934 1043 1102 1106 Haec
1141 1035 1362 1119 enim,
1404 1059 1802 1192 {umquam

214 1153 355 1197 non
384 1151 797 1220 magnopere
830 1127 1112 1198 summis
1144 1125 1405 1194 auctori
1464 1137 1802 1210 usv1tata,

216 1218 497 1288 interim
516 1217 761 1287 vitium
786 1217 1005 1289 videri
1034 1228 1290 1312 potest:
1315 1217 1384 1286 in
1413 1216 1598 1310 quod
1627 1242 1802 1310 saepe

216 1309 467 1378 i‘ncidit
508 1308 712 1379 etiam
746 1311 987 1382 Cicero
1016 1363 1035 1396 ‚
1076 1333 1352 1378 securus
1401 1321 1540 1376 tam
1580 1333 1799 1400 parvae

216 1399 768 1488 observationis;
822 1404 1000 1474 sicut
1057 1400 1190 1468 hoc.
1244 1401 1394 1469 loco
1422 1426 1438 1468 t
1479 1405 1582 1484 (1)
1634 1400 1797 1470 Non

216 1490 429 1582 solum
455 1495 665 1580 igilur
700 1493 883 1564 illud
877 1493 1212 1584 judicium
1257 1491 1510 1584 judicii
1535 1490 1748 1561 simile
1763 1541 1786 1578 ,

206 1583 505 1676 judices,
540 1585 897 1676 nonfuit...

308 1677 518 1759 Pejor
563 1671 693 1741 hac
724 1676 1039 1750 ὅμοιολογίκ
1086 1683 1224 1758 θεῖ,
1268 1695 1414 1764 quae
1447 1671 1637 1741 nulla
1672 1699 1803 1744 va-

216 1763 486 1833 rietatis
512 1763 731 1855 gra-tia
760 1758 937 1829 levat
964 1762 1240 1832 taedium
1258 1817 1275 1845 ,
1300 1777 1502 1856 atque
1535 1777 1634 1832 est
1661 1777 1805 1835 tota

220 1853 476 1926 coloris
509 1852 752 1937 unius,
784 1877 931 1944 quae
956 1853 1244 1925 maxime
1265 1853 1808 1947 deprehenditur

222 1971 463 2017 carens
501 1958 644 2019 arte
676 1945 1008 2032 oratoria,
1045 1972 1257 2039 eaque
1303 1959 1371 2015 et
1405 1946 1475 2014 in
1509 1961 1809 2017 senten-

220 2037 343 2108 tiis
374 2089 394 2120 ‚
446 2048 515 2105 et
561 2034 799 2129 figuris
831 2086 851 2121 ‚
890 2044 972 2106 'et
1029 2036 1524 2128 compositione
1573 2038 1812 2131 longa,

222 2152 367 2199 non
404 2126 651 2196 animis
686 2126 918 2199 'solum
942 2180 961 2215 ‚
992 2127 1114 2200 sed
1152 2128 1359 2197 etiam
1399 2126 1681 2198 auribus
1708 2144 1812 2199 est

223 2218 713 2311 ingratissima.

244 2328 255 2337 ·
316 2308 621 2379 Vitanda
644 2314 1005 2397 μακρολογία,
1039 2308 1110 2380 id
1132 2308 1809 2417 est‚longior‚quan1
1851 2380 1858 2390 ,

224 2412 584 2495 oporteat,
623 2420 891 2480 serm03
948 2410 1025 2465 ut
1068 2401 1252 2494 apud
1285 2402 1562 2471 Livium
1595 2428 1612 2472 t
1661 2402 1808 2473 Le·-

220 2496 383 2581 gali
402 2543 423 2576 ‚
470 2516 600 2559 non
646 2495 995 2581 impetrata
1022 2518 1240 2583 pace,
1275 2504 1447 2562 reiro
1499 2493 1763 2561 domum
1789 2546 1810 2579 ‚

224 2582 406 2651 unde
436 2592 785 2665 venerant,
822 2580 1147 2651 abierunt.
1189 2584 1322 2652 Sed
1369 2582 1534 2651 huic
1585 2582 1815 2654 vicina

220 2672 636 2764 periphrasis
659 2671 873 2743 virtus
894 2669 1073 2741 habe
1083 2685 1214 2742 tur.
1814 2698 1820 2706 ·

248 2786 255 2795 '
323 2766 447 2831 Est
480 2775 549 2831 et
580 2770 917 2845 vnum-puk
950 2763 1197 2834 vitium
1223 2816 1241 2846 ,
1293 2788 1446 2833 cum
1481 2790 1819 2859 superva-
1891 2764 1905 2771 „

230 2854 381 2923 cuis
406 2852 635 2921 verbis
650 2862 979 2921 oneratur
1008 2855 1268 2925 oratio:
1302 2854 1454 2949 Ego
1480 2862 1640 2927 meis
1661 2884 1818 2929 ocu-

231 2944 320 3015 lis
352 2944 511 3013 vidi.
552 2942 729 3013 Satis
781 2954 883 3011 est
918 2944 1104 3015 enim
1137 2998 1156 3029 ‚
1213 2948 1370 3017 vidi.
1407 2949 1818 3022 Emendavit

230 3034 369 3104 hoc
396 3032 910 3105 noninurbane
958 3037 1029 3103 in
1076 3037 1311 3107 Hirtio
1351 3038 1624 3123 Cicer0‚
1653 3040 1820 3130 qui,

234 3150 395 3195 cum
432 3124 504 3193 in
529 3131 817 3193 Pansam
850 3124 1268 3211 decl-amam,
1283 3126 1510 3215 filium
1535 3156 1580 3199 a
1609 3144 1818 3204 matre

238 3216 459 3301 decem
494 3216 820 3285 mensibus
852 3220 921 3284 in
954 3228 1152 3285 ulero‘
1179 3218 1386 3303 lasum
1425 3244 1561 3291 esse
1599 3220 1825 3294 dixis-

307 3338 389 3407 (ι)
413 3338 546 3387 Vide
569 3339 862 3389 Ciceronem
883 3356 975 3407 pro
1002 3339 1235 3391 Cluentio
1252 3378 1268 3407 ,
1289 3338 1373 3405 96.

432 3404 503 3476 T
497 3428 640 3475 ome
694 3403 771 3474 II
770 3456 785 3474 .
1498 3411 1550 3477 G.
