<?xml version="1.0" encoding="UTF-8"?>
<!DOCTYPE html PUBLIC "-//W3C//DTD XHTML 1.0 Transitional//EN"
    "http://www.w3.org/TR/xhtml1/DTD/xhtml1-transitional.dtd">
<html xmlns="http://www.w3.org/1999/xhtml" xml:lang="en" lang="en">
 <head>
  <title>
</title>
<meta http-equiv="Content-Type" content="text/html;charset=utf-8" />
  <meta name='ocr-system' content='tesseract 3.04.00' />
  <meta name='ocr-capabilities' content='ocr_page ocr_carea ocr_par ocr_line ocrx_word'/>
</head>
<body>
  <div class='ocr_page' id='page_1' title='image "./mfabiiquintilia22quingoog_0385.png"; bbox 0 0 2188 3757; ppageno 0'>
   <div class='ocr_carea' id='block_1_1' title="bbox 238 310 1861 1312">
    <p class='ocr_par' dir='ltr' id='par_1_1' title="bbox 263 310 1861 855">
     <span class='ocr_line' id='line_1_1' title="bbox 560 310 1857 401; baseline 0.007 -27"><span class='ocrx_word' id='word_1_1' title='bbox 560 310 687 375; x_wconf 72' lang='lat' dir='ltr'>Dr.</span> <span class='ocrx_word' id='word_1_2' title='bbox 751 328 1092 380; x_wconf 66' lang='lat' dir='ltr'>annitius</span> <span class='ocrx_word' id='word_1_3' title='bbox 1152 332 1535 381; x_wconf 64' lang='lat' dir='ltr'>menum.</span> <span class='ocrx_word' id='word_1_4' title='bbox 1718 314 1857 401; x_wconf 81' lang='lat'>375</span> 
     </span>
     <span class='ocr_line' id='line_1_2' title="bbox 283 394 1861 495; baseline 0.004 -28"><span class='ocrx_word' id='word_1_5' title='bbox 283 394 762 467; x_wconf 85' lang='lat' dir='ltr'>illuminanda.</span> <span class='ocrx_word' id='word_1_6' title='bbox 797 405 951 467; x_wconf 91' lang='lat' dir='ltr'>Non</span> <span class='ocrx_word' id='word_1_7' title='bbox 989 424 1345 491; x_wconf 83' lang='lat' dir='ltr'>possumus</span> <span class='ocrx_word' id='word_1_8' title='bbox 1376 428 1517 471; x_wconf 88' lang='lat' dir='ltr'>esse</span> <span class='ocrx_word' id='word_1_9' title='bbox 1554 414 1688 472; x_wconf 81' lang='lat' dir='ltr'>tam</span> <span class='ocrx_word' id='word_1_10' title='bbox 1716 429 1861 495; x_wconf 86' lang='lat' dir='ltr'>gra-</span> 
     </span>
     <span class='ocr_line' id='line_1_3' title="bbox 285 488 1859 565; baseline 0.004 -6"><span class='ocrx_word' id='word_1_11' title='bbox 285 488 496 560; x_wconf 81' lang='lat' dir='ltr'>ciles?</span> <span class='ocrx_word' id='word_1_12' title='bbox 530 488 739 558; x_wconf 84' lang='lat' dir='ltr'>simus</span> <span class='ocrx_word' id='word_1_13' title='bbox 789 490 1127 561; x_wconf 84' lang='lat' dir='ltr'>fortiores.</span> <span class='ocrx_word' id='word_1_14' title='bbox 1180 491 1574 563; x_wconf 81' lang='lat' dir='ltr'>Subtilitate</span> <span class='ocrx_word' id='word_1_15' title='bbox 1627 494 1859 565; x_wconf 88' lang='lat' dir='ltr'>vinci-</span> 
     </span>
     <span class='ocr_line' id='line_1_4' title="bbox 281 579 1857 690; baseline 0.004 -41"><span class='ocrx_word' id='word_1_16' title='bbox 281 605 436 649; x_wconf 86' lang='lat' dir='ltr'>mur</span> <span class='ocrx_word' id='word_1_17' title='bbox 481 589 509 649; x_wconf 82' lang='lat'>?</span> <span class='ocrx_word' id='word_1_18' title='bbox 589 579 932 651; x_wconf 87' lang='lat' dir='ltr'>valeamus</span> <span class='ocrx_word' id='word_1_19' title='bbox 1011 582 1337 673; x_wconf 85' lang='lat' dir='ltr'>pondere.</span> <span class='ocrx_word' id='word_1_20' title='bbox 1409 586 1857 690; x_wconf 79' lang='lat' dir='ltr'>Proprietatis</span> 
     </span>
     <span class='ocr_line' id='line_1_5' title="bbox 263 671 1855 776; baseline 0.005 -37"><span class='ocrx_word' id='word_1_21' title='bbox 263 676 494 776; x_wconf 44' lang='lat' dir='ltr'>*penes</span> <span class='ocrx_word' id='word_1_22' title='bbox 547 671 702 742; x_wconf 87' lang='lat' dir='ltr'>illos</span> <span class='ocrx_word' id='word_1_23' title='bbox 743 686 845 743; x_wconf 85' lang='lat' dir='ltr'>est</span> <span class='ocrx_word' id='word_1_24' title='bbox 888 674 1141 743; x_wconf 81' lang='lat' dir='ltr'>certior</span> <span class='ocrx_word' id='word_1_25' title='bbox 1184 674 1379 767; x_wconf 87' lang='lat' dir='ltr'>copia</span> <span class='ocrx_word' id='word_1_26' title='bbox 1420 684 1447 745; x_wconf 74' lang='grc' dir='ltr'>ἐ’</span> <span class='ocrx_word' id='word_1_27' title='bbox 1505 701 1855 747; x_wconf 79' lang='lat' dir='ltr'>vincamus</span> 
     </span>
     <span class='ocr_line' id='line_1_6' title="bbox 276 762 728 855; baseline 0.007 -25"><span class='ocrx_word' id='word_1_28' title='bbox 276 762 586 855; x_wconf 72' lang='lat' dir='ltr'>ingenio.</span> <span class='ocrx_word' id='word_1_29' title='bbox 621 766 728 849; x_wconf 84' lang='lat'>(1)</span> 
     </span>
    </p>

    <p class='ocr_par' dir='ltr' id='par_1_2' title="bbox 238 855 1854 1312">
     <span class='ocr_line' id='line_1_7' title="bbox 371 855 1853 949; baseline 0.003 -26"><span class='ocrx_word' id='word_1_30' title='bbox 371 860 759 925; x_wconf 83' lang='lat' dir='ltr'>Graecorum</span> <span class='ocrx_word' id='word_1_31' title='bbox 823 855 1026 925; x_wconf 79' lang='lat' dir='ltr'>etiam</span> <span class='ocrx_word' id='word_1_32' title='bbox 1065 856 1347 945; x_wconf 84' lang='lat' dir='ltr'>minora</span> <span class='ocrx_word' id='word_1_33' title='bbox 1402 882 1559 925; x_wconf 87' lang='lat' dir='ltr'>suos</span> <span class='ocrx_word' id='word_1_34' title='bbox 1590 870 1853 949; x_wconf 14' lang='lat' dir='ltr'>&#39;portus</span> 
     </span>
     <span class='ocr_line' id='line_1_8' title="bbox 272 942 1853 1105; baseline 0.003 -92"><span class='ocrx_word' id='word_1_35' title='bbox 272 942 594 1015; x_wconf 79' lang='lat' dir='ltr'>habent?</span> <span class='ocrx_word' id='word_1_36' title='bbox 646 973 770 1017; x_wconf 88' lang='lat' dir='ltr'>nos</span> <span class='ocrx_word' id='word_1_37' title='bbox 819 948 1219 1105; x_wconf 80' lang='lat' dir='ltr'>plerumque</span> <span class='ocrx_word' id='word_1_38' title='bbox 1266 948 1640 1037; x_wconf 84' lang='lat' dir='ltr'>majoribus</span> <span class='ocrx_word' id='word_1_39' title='bbox 1684 949 1853 1018; x_wconf 86' lang='lat' dir='ltr'>velis</span> 
     </span>
     <span class='ocr_line' id='line_1_9' title="bbox 276 1038 1854 1131; baseline 0.003 -26"><span class='ocrx_word' id='word_1_40' title='bbox 276 1062 706 1107; x_wconf 80' lang='lat' dir='ltr'>moveamur:</span> <span class='ocrx_word' id='word_1_41' title='bbox 735 1064 814 1108; x_wconf 86' lang='lat' dir='ltr'>va</span> <span class='ocrx_word' id='word_1_42' title='bbox 849 1038 1027 1107; x_wconf 89' lang='lat' dir='ltr'>idior</span> <span class='ocrx_word' id='word_1_43' title='bbox 1055 1040 1337 1131; x_wconf 87' lang='lat' dir='ltr'>spiritus</span> <span class='ocrx_word' id='word_1_44' title='bbox 1369 1039 1559 1108; x_wconf 87' lang='lat' dir='ltr'>sinus</span> <span class='ocrx_word' id='word_1_45' title='bbox 1586 1051 1854 1109; x_wconf 84' lang='lat' dir='ltr'>nostros</span> 
     </span>
     <span class='ocr_line' id='line_1_10' title="bbox 238 1128 1852 1221; baseline 0.001 -24"><span class='ocrx_word' id='word_1_46' title='bbox 238 1128 535 1198; x_wconf 58' lang='lat' dir='ltr'>&#39;tendah</span> <span class='ocrx_word' id='word_1_47' title='bbox 571 1136 724 1198; x_wconf 89' lang='lat' dir='ltr'>Non</span> <span class='ocrx_word' id='word_1_48' title='bbox 759 1141 988 1199; x_wconf 86' lang='lat' dir='ltr'>tamen</span> <span class='ocrx_word' id='word_1_49' title='bbox 1031 1130 1170 1206; x_wconf 86' lang='lat' dir='ltr'>alto</span> <span class='ocrx_word' id='word_1_50' title='bbox 1204 1156 1469 1221; x_wconf 83' lang='lat' dir='ltr'>semper</span> <span class='ocrx_word' id='word_1_51' title='bbox 1502 1130 1799 1199; x_wconf 82' lang='lat' dir='ltr'>feremur</span> <span class='ocrx_word' id='word_1_52' title='bbox 1832 1156 1852 1215; x_wconf 91' lang='lat'>;</span> 
     </span>
     <span class='ocr_line' id='line_1_11' title="bbox 273 1220 1853 1312; baseline 0.003 -25"><span class='ocrx_word' id='word_1_53' title='bbox 273 1244 432 1289; x_wconf 85' lang='lat' dir='ltr'>nam</span> <span class='ocrx_word' id='word_1_54' title='bbox 469 1234 536 1291; x_wconf 85' lang='lat' dir='ltr'>et</span> <span class='ocrx_word' id='word_1_55' title='bbox 568 1220 800 1290; x_wconf 75' lang='lat' dir='ltr'>littora</span> <span class='ocrx_word' id='word_1_56' title='bbox 831 1221 1107 1293; x_wconf 83' lang='lat' dir='ltr'>interim</span> <span class='ocrx_word' id='word_1_57' title='bbox 1134 1221 1480 1312; x_wconf 87' lang='lat' dir='ltr'>sequenda</span> <span class='ocrx_word' id='word_1_58' title='bbox 1509 1232 1687 1291; x_wconf 79' lang='lat' dir='ltr'>sunt.</span> <span class='ocrx_word' id='word_1_59' title='bbox 1709 1221 1853 1291; x_wconf 88' lang='lat' dir='ltr'>Illis</span> 
     </span>
    </p>
   </div>
   <div class='ocr_carea' id='block_1_2' title="bbox 269 1310 1899 1407">
    <p class='ocr_par' dir='ltr' id='par_1_3' title="bbox 269 1310 1899 1407">
     <span class='ocr_line' id='line_1_12' title="bbox 269 1310 1899 1407; baseline 0.002 -28"><span class='ocrx_word' id='word_1_60' title='bbox 269 1310 497 1381; x_wconf 83' lang='lat' dir='ltr'>facilis</span> <span class='ocrx_word' id='word_1_61' title='bbox 553 1338 677 1405; x_wconf 87' lang='lat' dir='ltr'>per</span> <span class='ocrx_word' id='word_1_62' title='bbox 726 1312 1047 1404; x_wconf 86' lang='lat' dir='ltr'>quaelibet</span> <span class='ocrx_word' id='word_1_63' title='bbox 1087 1312 1259 1383; x_wconf 83' lang='lat' dir='ltr'>vada</span> <span class='ocrx_word' id='word_1_64' title='bbox 1312 1337 1673 1399; x_wconf 84' lang='lat' dir='ltr'>accessus;</span> <span class='ocrx_word' id='word_1_65' title='bbox 1722 1340 1849 1406; x_wconf 85' lang='lat' dir='ltr'>ego</span> <span class='ocrx_word' id='word_1_66' title='bbox 1890 1402 1899 1407; x_wconf 17' lang='grc' dir='ltr'><em>α</em></span> 
     </span>
    </p>
   </div>
   <div class='ocr_carea' id='block_1_3' title="bbox 257 1401 1848 2875">
    <p class='ocr_par' dir='ltr' id='par_1_4' title="bbox 257 1401 1848 2875">
     <span class='ocr_line' id='line_1_13' title="bbox 271 1401 1847 1500; baseline 0.002 -30"><span class='ocrx_word' id='word_1_67' title='bbox 271 1401 536 1495; x_wconf 87' lang='lat' dir='ltr'>aliquid</span> <span class='ocrx_word' id='word_1_68' title='bbox 579 1429 714 1473; x_wconf 89' lang='lat' dir='ltr'>non</span> <span class='ocrx_word' id='word_1_69' title='bbox 766 1404 976 1475; x_wconf 58' lang='lat' dir='ltr'>mullo</span> <span class='ocrx_word' id='word_1_70' title='bbox 1021 1416 1249 1473; x_wconf 84' lang='lat' dir='ltr'>tamen</span> <span class='ocrx_word' id='word_1_71' title='bbox 1292 1405 1545 1489; x_wconf 83' lang='lat' dir='ltr'>altius,</span> <span class='ocrx_word' id='word_1_72' title='bbox 1593 1404 1665 1473; x_wconf 91' lang='lat' dir='ltr'>in</span> <span class='ocrx_word' id='word_1_73' title='bbox 1710 1430 1847 1500; x_wconf 90' lang='lat' dir='ltr'>quo</span> 
     </span>
     <span class='ocr_line' id='line_1_14' title="bbox 269 1496 1846 1587; baseline 0.001 -24"><span class='ocrx_word' id='word_1_74' title='bbox 269 1518 420 1563; x_wconf 86' lang='lat' dir='ltr'>mea</span> <span class='ocrx_word' id='word_1_75' title='bbox 443 1496 678 1587; x_wconf 82' lang='lat' dir='ltr'>cymba</span> <span class='ocrx_word' id='word_1_76' title='bbox 697 1522 836 1565; x_wconf 89' lang='lat' dir='ltr'>non</span> <span class='ocrx_word' id='word_1_77' title='bbox 858 1496 1198 1579; x_wconf 79' lang='lat' dir='ltr'>considat,</span> <span class='ocrx_word' id='word_1_78' title='bbox 1223 1497 1589 1565; x_wconf 86' lang='lat' dir='ltr'>inveniam.</span> <span class='ocrx_word' id='word_1_79' title='bbox 1608 1503 1846 1587; x_wconf 87' lang='lat' dir='ltr'><strong>Neque</strong></span> 
     </span>
     <span class='ocr_line' id='line_1_15' title="bbox 271 1584 1847 1676; baseline 0.001 -23"><span class='ocrx_word' id='word_1_80' title='bbox 271 1584 457 1655; x_wconf 85' lang='lat' dir='ltr'>enim</span> <span class='ocrx_word' id='word_1_81' title='bbox 481 1640 499 1669; x_wconf 85' lang='lat'>‚</span> <span class='ocrx_word' id='word_1_82' title='bbox 539 1586 592 1655; x_wconf 87' lang='lat' dir='ltr'>si</span> <span class='ocrx_word' id='word_1_83' title='bbox 631 1586 947 1655; x_wconf 83' lang='lat' dir='ltr'>tenuiora</span> <span class='ocrx_word' id='word_1_84' title='bbox 983 1585 1123 1655; x_wconf 83' lang='lat' dir='ltr'>haec</span> <span class='ocrx_word' id='word_1_85' title='bbox 1156 1611 1234 1655; x_wconf 88' lang='lat' dir='ltr'>ac</span> <span class='ocrx_word' id='word_1_86' title='bbox 1264 1588 1599 1676; x_wconf 81' lang='lat' dir='ltr'>pressiora</span> <span class='ocrx_word' id='word_1_87' title='bbox 1632 1588 1847 1655; x_wconf 84' lang='lat' dir='ltr'>Graeci</span> 
     </span>
     <span class='ocr_line' id='line_1_16' title="bbox 267 1676 1845 1769; baseline 0.001 -24"><span class='ocrx_word' id='word_1_88' title='bbox 267 1677 553 1761; x_wconf 82' lang='lat' dir='ltr'>melius,</span> <span class='ocrx_word' id='word_1_89' title='bbox 597 1677 666 1745; x_wconf 86' lang='lat' dir='ltr'>in</span> <span class='ocrx_word' id='word_1_90' title='bbox 714 1702 930 1769; x_wconf 83' lang='lat' dir='ltr'>eoque</span> <span class='ocrx_word' id='word_1_91' title='bbox 971 1677 1323 1746; x_wconf 85' lang='lat' dir='ltr'>vincimur·</span> <span class='ocrx_word' id='word_1_92' title='bbox 1349 1676 1535 1760; x_wconf 83' lang='lat' dir='ltr'>solo,</span> <span class='ocrx_word' id='word_1_93' title='bbox 1571 1690 1637 1746; x_wconf 87' lang='lat' dir='ltr'>et</span> <span class='ocrx_word' id='word_1_94' title='bbox 1687 1677 1845 1747; x_wconf 87' lang='lat' dir='ltr'>ideo</span> 
     </span>
     <span class='ocr_line' id='line_1_17' title="bbox 269 1768 1848 1860; baseline 0.001 -24"><span class='ocrx_word' id='word_1_95' title='bbox 269 1768 366 1836; x_wconf 87' lang='lat' dir='ltr'>in·</span> <span class='ocrx_word' id='word_1_96' title='bbox 391 1768 739 1838; x_wconf 78' lang='lat' dir='ltr'>comoediis</span> <span class='ocrx_word' id='word_1_97' title='bbox 797 1795 936 1838; x_wconf 93' lang='lat' dir='ltr'>non</span> <span class='ocrx_word' id='word_1_98' title='bbox 993 1768 1517 1852; x_wconf 81' lang='lat' dir='ltr'>contendimus,</span> <span class='ocrx_word' id='word_1_99' title='bbox 1570 1794 1848 1860; x_wconf 88' lang='lat' dir='ltr'>prorsus</span> 
     </span>
     <span class='ocr_line' id='line_1_18' title="bbox 264 1858 1847 1952; baseline 0.001 -23"><span class='ocrx_word' id='word_1_100' title='bbox 264 1858 492 1930; x_wconf 77' lang='lat' dir='ltr'>tamen</span> <span class='ocrx_word' id='word_1_101' title='bbox 529 1860 908 1931; x_wconf 84' lang='lat' dir='ltr'>omittenda</span> <span class='ocrx_word' id='word_1_102' title='bbox 942 1885 1099 1952; x_wconf 88' lang='lat' dir='ltr'>pars</span> <span class='ocrx_word' id='word_1_103' title='bbox 1128 1859 1271 1934; x_wconf 76' lang='lat' dir='ltr'>haec</span> <span class='ocrx_word' id='word_1_104' title='bbox 1312 1860 1686 1946; x_wconf 73' lang='lat' dir='ltr'>orationiS‚</span> <span class='ocrx_word' id='word_1_105' title='bbox 1727 1860 1847 1930; x_wconf 84' lang='lat' dir='ltr'>sed</span> 
     </span>
     <span class='ocr_line' id='line_1_19' title="bbox 263 1952 1515 2044; baseline 0.002 -24"><span class='ocrx_word' id='word_1_106' title='bbox 263 1952 597 2043; x_wconf 77' lang='lat' dir='ltr'>exigenda</span> <span class='ocrx_word' id='word_1_107' title='bbox 643 1967 717 2022; x_wconf 84' lang='lat' dir='ltr'>ut</span> <span class='ocrx_word' id='word_1_108' title='bbox 747 1955 1002 2044; x_wconf 87' lang='lat' dir='ltr'>optime</span> <span class='ocrx_word' id='word_1_109' title='bbox 1039 1979 1449 2044; x_wconf 9' lang='lat' dir='ltr'>possumus*</span> <span class='ocrx_word' id='word_1_110' title='bbox 1510 1991 1515 1996; x_wconf 85' lang='grc'><em>·</em></span> 
     </span>
     <span class='ocr_line' id='line_1_20' title="bbox 354 2043 1845 2130; baseline 0.001 -19"><span class='ocrx_word' id='word_1_111' title='bbox 354 2049 722 2113; x_wconf 87' lang='lat' dir='ltr'>Possumus</span> <span class='ocrx_word' id='word_1_112' title='bbox 749 2057 973 2120; x_wconf 84' lang='lat' dir='ltr'>autem</span> <span class='ocrx_word' id='word_1_113' title='bbox 995 2068 1223 2118; x_wconf 78' lang='lat' dir='ltr'>rerum</span> <span class='ocrx_word' id='word_1_114' title='bbox 1240 2057 1305 2112; x_wconf 87' lang='lat' dir='ltr'>et</span> <span class='ocrx_word' id='word_1_115' title='bbox 1324 2043 1527 2113; x_wconf 75' lang='lat' dir='ltr'>mo&#39;do</span> <span class='ocrx_word' id='word_1_116' title='bbox 1560 2057 1630 2112; x_wconf 84' lang='lat' dir='ltr'>et</span> <span class='ocrx_word' id='word_1_117' title='bbox 1662 2045 1845 2130; x_wconf 77' lang='lat' dir='ltr'>judi-</span> 
     </span>
     <span class='ocr_line' id='line_1_21' title="bbox 266 2133 1845 2226; baseline 0.001 -23"><span class='ocrx_word' id='word_1_118' title='bbox 266 2133 376 2204; x_wconf 89' lang='lat' dir='ltr'>cio</span> <span class='ocrx_word' id='word_1_119' title='bbox 395 2161 538 2205; x_wconf 88' lang='lat' dir='ltr'>esse</span> <span class='ocrx_word' id='word_1_120' title='bbox 557 2135 811 2206; x_wconf 87' lang='lat' dir='ltr'>similes</span> <span class='ocrx_word' id='word_1_121' title='bbox 834 2161 848 2202; x_wconf 73' lang='grc' dir='ltr'><strong><em>ε</em></strong></span> <span class='ocrx_word' id='word_1_122' title='bbox 874 2134 1347 2220; x_wconf 81' lang='lat' dir='ltr'>(2)verborum</span> <span class='ocrx_word' id='word_1_123' title='bbox 1367 2135 1582 2226; x_wconf 85' lang='lat' dir='ltr'>gratia</span> <span class='ocrx_word' id='word_1_124' title='bbox 1596 2186 1616 2218; x_wconf 84' lang='lat'>‚</span> <span class='ocrx_word' id='word_1_125' title='bbox 1636 2161 1845 2225; x_wconf 88' lang='lat' dir='ltr'>quam</span> 
     </span>
     <span class='ocr_line' id='line_1_22' title="bbox 263 2224 1843 2318; baseline 0.001 -24"><span class='ocrx_word' id='word_1_126' title='bbox 263 2224 338 2294; x_wconf 87' lang='lat' dir='ltr'>in</span> <span class='ocrx_word' id='word_1_127' title='bbox 387 2225 550 2318; x_wconf 87' lang='lat' dir='ltr'>ipsis</span> <span class='ocrx_word' id='word_1_128' title='bbox 602 2251 742 2297; x_wconf 88' lang='lat' dir='ltr'>non</span> <span class='ocrx_word' id='word_1_129' title='bbox 792 2226 1154 2309; x_wconf 79' lang='lat' dir='ltr'>habemus,</span> <span class='ocrx_word' id='word_1_130' title='bbox 1206 2226 1623 2294; x_wconf 74' lang='lat' dir='ltr'>extrinsecus</span> <span class='ocrx_word' id='word_1_131' title='bbox 1664 2250 1843 2294; x_wconf 85' lang='lat' dir='ltr'>con·-</span> 
     </span>
     <span class='ocr_line' id='line_1_23' title="bbox 263 2314 1847 2410; baseline -0.001 -25"><span class='ocrx_word' id='word_1_132' title='bbox 263 2314 518 2386; x_wconf 87' lang='lat' dir='ltr'>dienda</span> <span class='ocrx_word' id='word_1_133' title='bbox 553 2331 674 2387; x_wconf 88' lang='lat' dir='ltr'>est.</span> <span class='ocrx_word' id='word_1_134' title='bbox 709 2323 818 2387; x_wconf 88' lang='lat' dir='ltr'>An</span> <span class='ocrx_word' id='word_1_135' title='bbox 853 2344 993 2386; x_wconf 88' lang='lat' dir='ltr'>non</span> <span class='ocrx_word' id='word_1_136' title='bbox 1032 2316 1104 2386; x_wconf 91' lang='lat' dir='ltr'>in</span> <span class='ocrx_word' id='word_1_137' title='bbox 1140 2317 1423 2410; x_wconf 84' lang='lat' dir='ltr'>privatis</span> <span class='ocrx_word' id='word_1_138' title='bbox 1457 2329 1525 2385; x_wconf 81' lang='lat' dir='ltr'>et</span> <span class='ocrx_word' id='word_1_139' title='bbox 1555 2329 1793 2386; x_wconf 80' lang='lat' dir='ltr'>acutus</span> <span class='ocrx_word' id='word_1_140' title='bbox 1826 2365 1847 2402; x_wconf 86' lang='lat'>-‚</span> 
     </span>
     <span class='ocr_line' id='line_1_24' title="bbox 261 2409 1842 2502; baseline 0.001 -26"><span class='ocrx_word' id='word_1_141' title='bbox 261 2420 332 2476; x_wconf 88' lang='lat' dir='ltr'>et</span> <span class='ocrx_word' id='word_1_142' title='bbox 367 2433 506 2477; x_wconf 86' lang='lat' dir='ltr'>non</span> <span class='ocrx_word' id='word_1_143' title='bbox 539 2435 768 2502; x_wconf 85' lang='lat' dir='ltr'>asper,</span> <span class='ocrx_word' id='word_1_144' title='bbox 807 2422 873 2477; x_wconf 80' lang='lat' dir='ltr'>et</span> <span class='ocrx_word' id='word_1_145' title='bbox 908 2435 1045 2480; x_wconf 91' lang='lat' dir='ltr'>non</span> <span class='ocrx_word' id='word_1_146' title='bbox 1085 2409 1567 2502; x_wconf 67' lang='lat' dir='ltr'>indistinctim,</span> <span class='ocrx_word' id='word_1_147' title='bbox 1602 2419 1669 2476; x_wconf 87' lang='lat' dir='ltr'>et</span> <span class='ocrx_word' id='word_1_148' title='bbox 1700 2409 1842 2478; x_wconf 82' lang='lat' dir='ltr'>non</span> 
     </span>
     <span class='ocr_line' id='line_1_25' title="bbox 261 2500 1837 2590; baseline 0.002 -24"><span class='ocrx_word' id='word_1_149' title='bbox 261 2523 466 2590; x_wconf 74' lang='lat' dir='ltr'>supra</span> <span class='ocrx_word' id='word_1_150' title='bbox 503 2502 780 2570; x_wconf 86' lang='lat' dir='ltr'>modum</span> <span class='ocrx_word' id='word_1_151' title='bbox 822 2501 1038 2570; x_wconf 84' lang='lat' dir='ltr'>elatus</span> <span class='ocrx_word' id='word_1_152' title='bbox 1079 2508 1177 2570; x_wconf 91' lang='lat' dir='ltr'>M.</span> <span class='ocrx_word' id='word_1_153' title='bbox 1212 2501 1544 2570; x_wconf 80' lang='lat' dir='ltr'>Tullius?</span> <span class='ocrx_word' id='word_1_154' title='bbox 1587 2511 1731 2568; x_wconf 75' lang='lat' dir='ltr'>&#39;non</span> <span class='ocrx_word' id='word_1_155' title='bbox 1766 2500 1837 2569; x_wconf 90' lang='lat' dir='ltr'>in</span> 
     </span>
     <span class='ocr_line' id='line_1_26' title="bbox 259 2591 1837 2684; baseline 0.001 -26"><span class='ocrx_word' id='word_1_156' title='bbox 259 2596 362 2659; x_wconf 90' lang='lat' dir='ltr'>M.</span> <span class='ocrx_word' id='word_1_157' title='bbox 419 2592 714 2662; x_wconf 87' lang='lat' dir='ltr'>Callidio</span> <span class='ocrx_word' id='word_1_158' title='bbox 745 2631 752 2638; x_wconf 90' lang='lat'><strong>·</strong></span> <span class='ocrx_word' id='word_1_159' title='bbox 779 2593 1068 2684; x_wconf 80' lang='lat' dir='ltr'>insignis</span> <span class='ocrx_word' id='word_1_160' title='bbox 1130 2591 1273 2661; x_wconf 87' lang='lat' dir='ltr'>haec</span> <span class='ocrx_word' id='word_1_161' title='bbox 1334 2592 1548 2660; x_wconf 85' lang='lat' dir='ltr'>virtus</span> <span class='ocrx_word' id='word_1_162' title='bbox 1609 2599 1661 2660; x_wconf 63' lang='grc' dir='ltr'><strong>ἲ</strong></span> <span class='ocrx_word' id='word_1_163' title='bbox 1695 2616 1837 2660; x_wconf 86' lang='lat' dir='ltr'>non</span> 
     </span>
     <span class='ocr_line' id='line_1_27' title="bbox 257 2681 1841 2774; baseline 0.001 -24"><span class='ocrx_word' id='word_1_164' title='bbox 257 2682 492 2773; x_wconf 87' lang='lat' dir='ltr'>Scipio</span> <span class='ocrx_word' id='word_1_165' title='bbox 525 2737 544 2767; x_wconf 85' lang='grc'>.,</span> <span class='ocrx_word' id='word_1_166' title='bbox 582 2683 870 2767; x_wconf 69' lang='lat' dir='ltr'>Laelius,</span> <span class='ocrx_word' id='word_1_167' title='bbox 915 2691 1082 2752; x_wconf 80' lang='lat' dir='ltr'>Cato</span> <span class='ocrx_word' id='word_1_168' title='bbox 1122 2683 1197 2752; x_wconf 84' lang='lat' dir='ltr'>in</span> <span class='ocrx_word' id='word_1_169' title='bbox 1234 2681 1621 2774; x_wconf 80' lang='lat' dir='ltr'>eloquendo</span> <span class='ocrx_word' id='word_1_170' title='bbox 1651 2682 1841 2752; x_wconf 86' lang='lat' dir='ltr'>velut</span> 
     </span>
     <span class='ocr_line' id='line_1_28' title="bbox 261 2774 1837 2875; baseline 0.002 -35"><span class='ocrx_word' id='word_1_171' title='bbox 261 2774 476 2844; x_wconf 81' lang='lat' dir='ltr'>Attici</span> <span class='ocrx_word' id='word_1_172' title='bbox 525 2775 1330 2875; x_wconf 30' lang='lat' dir='ltr'>Romanorum-fuerunt</span> <span class='ocrx_word' id='word_1_173' title='bbox 1375 2784 1400 2844; x_wconf 85' lang='lat'>?</span> <span class='ocrx_word' id='word_1_174' title='bbox 1454 2776 1583 2843; x_wconf 89' lang='lat' dir='ltr'>Cui</span> <span class='ocrx_word' id='word_1_175' title='bbox 1632 2800 1837 2866; x_wconf 89' lang='lat' dir='ltr'>porro</span> 
     </span>
    </p>
   </div>
   <div class='ocr_carea' id='block_1_4' title="bbox 179 2915 1840 3515">
    <p class='ocr_par' dir='ltr' id='par_1_5' title="bbox 179 2915 1839 3359">
     <span class='ocr_line' id='line_1_29' title="bbox 325 2915 1839 2984; baseline 0.001 -19"><span class='ocrx_word' id='word_1_176' title='bbox 325 2915 352 2980; x_wconf 90' lang='lat'><strong>(</strong></span> <span class='ocrx_word' id='word_1_177' title='bbox 377 2933 393 2965; x_wconf 84' lang='lat'>1</span> <span class='ocrx_word' id='word_1_178' title='bbox 418 2915 440 2983; x_wconf 93' lang='lat'>)</span> <span class='ocrx_word' id='word_1_179' title='bbox 463 2916 729 2984; x_wconf 82' lang='lat' dir='ltr'>Significat</span> <span class='ocrx_word' id='word_1_180' title='bbox 746 2919 772 2964; x_wconf 63' lang='lat' dir='ltr'>a</span> <span class='ocrx_word' id='word_1_181' title='bbox 797 2917 982 2968; x_wconf 77' lang='lat' dir='ltr'>Graecis</span> <span class='ocrx_word' id='word_1_182' title='bbox 1001 2935 1076 2968; x_wconf 83' lang='lat' dir='ltr'>res</span> <span class='ocrx_word' id='word_1_183' title='bbox 1103 2917 1180 2968; x_wconf 78' lang='lat' dir='ltr'>vel</span> <span class='ocrx_word' id='word_1_184' title='bbox 1215 2917 1522 2968; x_wconf 80' lang='lat' dir='ltr'>tenuissimas</span> <span class='ocrx_word' id='word_1_185' title='bbox 1548 2915 1712 2966; x_wconf 79' lang='lat' dir='ltr'>subtili</span> <span class='ocrx_word' id='word_1_186' title='bbox 1734 2933 1839 2966; x_wconf 88' lang='lat' dir='ltr'>ser-</span> 
     </span>
     <span class='ocr_line' id='line_1_30' title="bbox 254 2981 1834 3052; baseline -0.001 -20"><span class='ocrx_word' id='word_1_187' title='bbox 254 2998 406 3032; x_wconf 87' lang='lat' dir='ltr'>mone</span> <span class='ocrx_word' id='word_1_188' title='bbox 441 2983 686 3047; x_wconf 82' lang='lat' dir='ltr'>eleganter</span> <span class='ocrx_word' id='word_1_189' title='bbox 719 2981 938 3049; x_wconf 79' lang='lat' dir='ltr'>exprimi</span> <span class='ocrx_word' id='word_1_190' title='bbox 965 3003 979 3044; x_wconf 80' lang='lat'>3</span> <span class='ocrx_word' id='word_1_191' title='bbox 1013 3001 1103 3036; x_wconf 85' lang='lat' dir='ltr'>uos</span> <span class='ocrx_word' id='word_1_192' title='bbox 1131 3002 1235 3033; x_wconf 88' lang='lat' dir='ltr'>non</span> <span class='ocrx_word' id='word_1_193' title='bbox 1274 3003 1415 3052; x_wconf 75' lang='lat' dir='ltr'>posse</span> <span class='ocrx_word' id='word_1_194' title='bbox 1450 2981 1744 3032; x_wconf 78' lang='lat' dir='ltr'>descendere</span> <span class='ocrx_word' id='word_1_195' title='bbox 1778 2981 1834 3031; x_wconf 87' lang='lat' dir='ltr'>in</span> 
     </span>
     <span class='ocr_line' id='line_1_31' title="bbox 255 3047 1835 3113; baseline -0.001 -16"><span class='ocrx_word' id='word_1_196' title='bbox 255 3059 438 3097; x_wconf 77' lang='lat' dir='ltr'>tantam</span> <span class='ocrx_word' id='word_1_197' title='bbox 474 3047 788 3098; x_wconf 74' lang='lat' dir='ltr'>subtilitatem</span> <span class='ocrx_word' id='word_1_198' title='bbox 825 3067 836 3098; x_wconf 90' lang='lat'><strong>:</strong></span> <span class='ocrx_word' id='word_1_199' title='bbox 875 3049 958 3098; x_wconf 85' lang='lat' dir='ltr'>sed</span> <span class='ocrx_word' id='word_1_200' title='bbox 992 3049 1046 3098; x_wconf 90' lang='lat' dir='ltr'>id</span> <span class='ocrx_word' id='word_1_201' title='bbox 1077 3063 1240 3100; x_wconf 80' lang='lat' dir='ltr'>tamen</span> <span class='ocrx_word' id='word_1_202' title='bbox 1270 3069 1369 3100; x_wconf 88' lang='lat' dir='ltr'>esse</span> <span class='ocrx_word' id='word_1_203' title='bbox 1412 3047 1835 3113; x_wconf 82' lang='lat' dir='ltr'>compensandum</span> 
     </span>
     <span class='ocr_line' id='line_1_32' title="bbox 251 3113 1797 3183; baseline -0.001 -19"><span class='ocrx_word' id='word_1_204' title='bbox 251 3114 422 3180; x_wconf 80' lang='lat' dir='ltr'>aliqua</span> <span class='ocrx_word' id='word_1_205' title='bbox 460 3113 905 3183; x_wconf 75' lang='lat' dir='ltr'>amplitudine‚ita</span> <span class='ocrx_word' id='word_1_206' title='bbox 937 3128 1101 3166; x_wconf 82' lang='lat' dir='ltr'>tamen</span> <span class='ocrx_word' id='word_1_207' title='bbox 1135 3129 1189 3166; x_wconf 82' lang='lat' dir='ltr'>ut</span> <span class='ocrx_word' id='word_1_208' title='bbox 1207 3116 1459 3166; x_wconf 78' lang='lat' dir='ltr'>videamur</span> <span class='ocrx_word' id='word_1_209' title='bbox 1497 3131 1596 3163; x_wconf 82' lang='lat' dir='ltr'>esse</span> <span class='ocrx_word' id='word_1_210' title='bbox 1630 3125 1797 3162; x_wconf 83' lang='lat' dir='ltr'>tenues</span> 
     </span>
     <span class='ocr_line' id='line_1_33' title="bbox 251 3181 1798 3249; baseline 0.003 -21"><span class='ocrx_word' id='word_1_211' title='bbox 251 3195 544 3249; x_wconf 74' lang='lat' dir='ltr'>quanquam</span> <span class='ocrx_word' id='word_1_212' title='bbox 569 3199 672 3230; x_wconf 84' lang='lat' dir='ltr'>non</span> <span class='ocrx_word' id='word_1_213' title='bbox 704 3182 768 3230; x_wconf 86' lang='lat' dir='ltr'>ita</span> <span class='ocrx_word' id='word_1_214' title='bbox 789 3193 838 3228; x_wconf 88' lang='lat' dir='ltr'>ut</span> <span class='ocrx_word' id='word_1_215' title='bbox 853 3181 1034 3231; x_wconf 72' lang='lat' dir='ltr'>Graeci.</span> <span class='ocrx_word' id='word_1_216' title='bbox 1075 3183 1231 3231; x_wconf 81' lang='lat' dir='ltr'>Tum.</span> <span class='ocrx_word' id='word_1_217' title='bbox 1792 3207 1798 3212; x_wconf 92' lang='lat'>·</span> 
     </span>
     <span class='ocr_line' id='line_1_34' title="bbox 179 3242 1835 3359; baseline -0.002 -64"><span class='ocrx_word' id='word_1_218' title='bbox 179 3305 184 3308; x_wconf 26' lang='grc' dir='ltr'>Ι</span> <span class='ocrx_word' id='word_1_219' title='bbox 323 3244 422 3359; x_wconf 54' lang='lat' dir='ltr'>go)</span> <span class='ocrx_word' id='word_1_220' title='bbox 460 3245 512 3296; x_wconf 89' lang='lat' dir='ltr'><em>V</em></span> <span class='ocrx_word' id='word_1_221' title='bbox 511 3247 736 3314; x_wconf 67' lang='lat' dir='ltr'>⁴arbor-um</span> <span class='ocrx_word' id='word_1_222' title='bbox 749 3251 916 3312; x_wconf 79' lang='lat' dir='ltr'>gratia</span> <span class='ocrx_word' id='word_1_223' title='bbox 929 3285 942 3307; x_wconf 85' lang='lat'><strong>‚</strong></span> <span class='ocrx_word' id='word_1_224' title='bbox 956 3251 1105 3312; x_wconf 74' lang='lat' dir='ltr'>qultm</span> <span class='ocrx_word' id='word_1_225' title='bbox 1124 3251 1173 3297; x_wconf 83' lang='lat' dir='ltr'>in</span> <span class='ocrx_word' id='word_1_226' title='bbox 1194 3251 1311 3312; x_wconf 71' lang='lat' dir='ltr'>ipsis</span> <span class='ocrx_word' id='word_1_227' title='bbox 1342 3245 1529 3316; x_wconf 66' lang='lat' dir='ltr'>scilicet</span> <span class='ocrx_word' id='word_1_228' title='bbox 1546 3242 1708 3294; x_wconf 79' lang='lat' dir='ltr'>verbis</span> <span class='ocrx_word' id='word_1_229' title='bbox 1732 3260 1835 3292; x_wconf 82' lang='lat' dir='ltr'>non</span> 
     </span>
    </p>

    <p class='ocr_par' dir='ltr' id='par_1_6' title="bbox 251 3306 1840 3515">
     <span class='ocr_line' id='line_1_35' title="bbox 251 3306 1835 3380; baseline -0.002 -22"><span class='ocrx_word' id='word_1_230' title='bbox 251 3307 322 3358; x_wconf 76' lang='lat' dir='ltr'>ha</span> <span class='ocrx_word' id='word_1_231' title='bbox 356 3329 514 3376; x_wconf 82' lang='lat' dir='ltr'>emus,</span> <span class='ocrx_word' id='word_1_232' title='bbox 537 3315 558 3375; x_wconf 93' lang='lat'>(</span> <span class='ocrx_word' id='word_1_233' title='bbox 579 3313 675 3362; x_wconf 86' lang='lat' dir='ltr'>nisi</span> <span class='ocrx_word' id='word_1_234' title='bbox 697 3314 818 3362; x_wconf 82' lang='lat' dir='ltr'>forte</span> <span class='ocrx_word' id='word_1_235' title='bbox 848 3311 1111 3378; x_wconf 80' lang='lat' dir='ltr'>legendum</span> <span class='ocrx_word' id='word_1_236' title='bbox 1138 3313 1199 3360; x_wconf 87' lang='lat' dir='ltr'>sit</span> <span class='ocrx_word' id='word_1_237' title='bbox 1216 3349 1231 3376; x_wconf 88' lang='lat'><strong>,</strong></span> <span class='ocrx_word' id='word_1_238' title='bbox 1254 3329 1401 3380; x_wconf 82' lang='lat' dir='ltr'>quam</span> <span class='ocrx_word' id='word_1_239' title='bbox 1425 3322 1478 3358; x_wconf 77' lang='lat' dir='ltr'>ue</span> <span class='ocrx_word' id='word_1_240' title='bbox 1501 3313 1595 3376; x_wconf 80' lang='lat' dir='ltr'>ipsi</span> <span class='ocrx_word' id='word_1_241' title='bbox 1610 3326 1709 3356; x_wconf 82' lang='lat' dir='ltr'>non</span> <span class='ocrx_word' id='word_1_242' title='bbox 1731 3306 1835 3356; x_wconf 82' lang='grc' dir='ltr'><em>Ῐια-</em></span> 
     </span>
     <span class='ocr_line' id='line_1_36' title="bbox 253 3374 1840 3449; baseline 0.005 -25"><span class='ocrx_word' id='word_1_243' title='bbox 253 3374 460 3444; x_wconf 78' lang='lat' dir='ltr'>bemus)</span> <span class='ocrx_word' id='word_1_244' title='bbox 493 3379 603 3428; x_wconf 64' lang='lat' dir='ltr'>aliis</span> <span class='ocrx_word' id='word_1_245' title='bbox 623 3377 926 3431; x_wconf 68' lang='lat' dir='ltr'>ornamentis</span> <span class='ocrx_word' id='word_1_246' title='bbox 948 3379 1247 3432; x_wconf 62' lang='lat' dir='ltr'>extrmsecus</span> <span class='ocrx_word' id='word_1_247' title='bbox 1276 3379 1441 3449; x_wconf 73' lang='lat' dir='ltr'>petitis</span> <span class='ocrx_word' id='word_1_248' title='bbox 1458 3377 1737 3430; x_wconf 73' lang='lat' dir='ltr'>condienda</span> <span class='ocrx_word' id='word_1_249' title='bbox 1762 3389 1840 3431; x_wconf 78' lang='lat' dir='ltr'>est</span> 
     </span>
     <span class='ocr_line' id='line_1_37' title="bbox 251 3445 1625 3515; baseline 0.003 -23"><span class='ocrx_word' id='word_1_250' title='bbox 251 3451 302 3493; x_wconf 76' lang='lat' dir='ltr'>et</span> <span class='ocrx_word' id='word_1_251' title='bbox 319 3445 706 3515; x_wconf 73' lang='lat' dir='ltr'>compensanda.</span> <span class='ocrx_word' id='word_1_252' title='bbox 759 3475 762 3478; x_wconf 89' lang='lat'><strong>·</strong></span> <span class='ocrx_word' id='word_1_253' title='bbox 1618 3480 1625 3488; x_wconf 82' lang='lat'>-</span> 
     </span>
    </p>
   </div>
  </div>
 </body>
</html>
