2188 3757
334 213 467 294 116
748 211 915 276 Lm.
966 209 1105 275 IX.
1156 227 1320 274 ωε.
1371 205 1502 274 111.

332 302 471 371 tior
506 328 522 369 ε
552 304 649 384 (1)
678 297 877 369 Bona
903 350 921 383 .‚
956 300 1256 366 miserum
1281 321 1382 366 me
1412 307 1434 364 !
1463 293 1914 386 (consumptis

329 397 498 463 enim
556 389 867 483 lacrymis
912 401 1128 458 tamen
1159 390 1413 482 infixus
1456 393 1678 459 animo
1710 388 1914 458 hoeret

330 481 567 568 dolor)
606 481 782 552 bana
808 535 825 566 ‚
862 485 1128 572 inquam
1153 533 1172 565 ,
1231 480 1354 550 Cn.
1388 479 1700 572 Pompeii
1721 494 1906 550 acer-

330 573 613 644 bissimoe
632 576 779 644 voci
796 572 916 642 sub
936 577 1091 642 'ecta
1109 576 1450 663 pra-conis.
1463 579 1563 658 (2)
1577 573 1648 643 V
1641 575 1792 654 ivis,
1844 583 1914 641 et

330 669 493 738 vivis
518 717 537 750 ‚
572 691 701 736 non
730 665 833 735 ad
910 664 1317 754 eponendam
1345 715 1364 750 ‚
1396 666 1518 735 sed
1549 663 1650 734 ad
1673 664 1913 755 confir·

324 757 646 827 mandam
676 757 1060 826 audaciam.
1861 800 1866 804 -

422 853 506 916 Et
538 855 637 934 (3)
674 847 759 916 ab
795 846 1034 916 iisdem
1066 843 1289 916 verbis
1315 845 1512 937 plura
1543 845 1794 916 acriter
1840 857 1912 914 et
1953 861 1958 866 “

330 938 888 1032 instanterincipi
900 950 1022 1007 unt
1038 965 1052 1007 :
1067 944 1165 1023 (4)
1179 936 1442 1008 Nihilne
1457 950 1517 1008 te
1528 949 1914 1008 nocturnum

323 1032 705 1123 proesidium
734 1029 1013 1122 palatii,
1037 1027 1214 1098 nihil
1237 1029 1421 1100 urbis
1447 1029 1721 1122 vigiliae,
1741 1026 1919 1098 nihil

210 1127 219 1138 “
328 1129 530 1196 timor
552 1122 792 1215 populi
813 1175 831 1207 ‚
858 1121 1035 1192 nihil
1057 1145 1406 1192 consensus
1439 1122 1752 1192 bonorum
1779 1145 1915 1190 om-

329 1220 508 1285 nium
536 1267 554 1300 .‚
610 1213 785 1282 nihil
826 1213 936 1282 bic
984 1218 1451 1282 munitissimus
1494 1213 1787 1284 habendi
1811 1237 1938 1282 se-·

330 1317 526 1377 natus
543 1304 744 1388 locus,
770 1303 943 1373 nihil
964 1303 1195 1372 borum
1215 1329 1336 1374 ora
1354 1303 1690 1396 vultusque
1707 1329 1936 1374 move--

325 1405 521 1468 runt?
539 1401 623 1464 Et
646 1395 826 1480 <5)in
848 1393 1089 1462 iisdem
1111 1392 1436 1462 desinunt
1460 1423 1475 1463 :
1502 1401 1600 1479 (6)
1613 1394 1780 1492 Quis
1802 1419 1917 1464 eos

331 1485 695 1580 postulavit
706 1497 735 1578 ξ’
757 1485 1036 1576 Appius.
1060 1483 1230 1581 Quis
1246 1487 1609 1578 produxit?
1633 1488 1916 1578 Appius.

334 1586 539 1666 Quan
594 1603 745 1648 uam
767 1577 899 1646 hoc
926 1576 1306 1669 exemplum
1329 1575 1413 1647 ad
1435 1577 1620 1646 aliud
1643 1581 1916 1670 q‘u'oque

337 1678 437 1756 (7)
460 1603 722 1739 segema
742 1669 1060 1761 pertinet,
1099 1673 1293 1759 cujus
1327 1668 1524 1738 initia
1546 1670 1724 1738 inter
1741 1693 1811 1738 se
1845 1681 1916 1738 et

332 1762 506 1832 fines
540 1759 749 1830 iidem
784 1772 981 1844 sunt,
1036 1759 1205 1854 (luis
1239 1773 1306 1830 et
1335 1765 1522 1853 quis,
1559 1763 1819 1851 Appius
1850 1773 1922 1830 et

330 1856 593 1944 Appius
622 1886 636 1933 ;
666 1851 865 1945 quale
893 1864 989 1920 est
1020 1881 1034 1920 :
1062 1859 1162 1937 (8)
1175 1851 1312 1951 Qui
1333 1863 1503 1938 sunl,
1523 1852 1920 1946 quz'foedera

330 1970 498 2034 soepe
528 1952 891 2033 ruperunt?
920 1942 1494 2035 Carthaginenses.
1547 1945 1689 2043 Qui
1727 1956 1918 2031 sunt,

332 2040 451 2129 qui
479 2040 546 2105 in
583 2035 785 2105 ltalia
805 2035 1063 2105 crudele
1092 2036 1330 2106 bellum
1346 2046 1729 2128 gesserunt?
1751 2036 1921 2106 Car-

333 2128 775 2219 thaginensem
814 2126 953 2220 (lui
983 2140 1138 2197 sunl
1159 2183 1178 2214 .,
1225 2134 1342 2220 qui
1368 2128 1638 2198 Italiam
1692 2128 1920 2221 desor-

335 2228 679 2289 maverunt
724 2228 749 2287 ἐ’
789 2219 1362 2310 Carthaginenses.
1397 2219 1538 2314 Qui
1561 2232 1712 2289 sunl
1735 2273 1754 2305 .,
1803 2224 1926 2310 qui

330 2310 468 2381 sibi
493 2314 755 2401 ignosci
772 2308 1166 2398 postulant?
1203 2310 1777 2401 Carthaginenses.

407 2407 511 2487 (q)
536 2400 763 2469 Etiam
785 2400 855 2468 in
886 2402 1370 2494 contrapositis
1387 2401 1495 2472 vel
1516 2428 1663 2471 com
1719 2400 1922 2471 arati-

332 2492 435 2563 vis
474 2492 649 2563 solet
696 2491 1106 2585 respondere
1141 2493 1516 2587 primorum
1552 2518 1669 2564 ver
1721 2518 1919 2562 orum

332 2584 599 2656 alterna
620 2584 941 2677 repetitio
960 2585 1055 2679 ;(1
1067 2594 1138 2673 ο)
1153 2587 1227 2661 V
1218 2585 1424 2680 igilas
1440 2598 1507 2657 lu
1525 2588 1610 2659 de
1626 2596 1832 2673 nocte,
1848 2595 1925 2655 ut

400 2744 485 2809 (1)
512 2762 559 2793 α.
584 2742 779 2811 Philip.
802 2743 889 2809 64,

428 2810 479 2873 2)
504 2807 634 2860 Vide
668 2826 713 2857 1.
743 2808 943 2860 catilin.
962 2811 1012 2876 4.
