2188 3757
1439 143 1460 177 h

696 208 821 283 Dis
870 234 1091 281 Arm-z
1149 235 1549 280 mezano.
1775 213 1908 295 245

238 359 244 364 -
338 301 797 404 prodiderunt
829 352 849 388 ‚
915 303 1008 372 Ut
1063 305 1239 373 vivat
1264 355 1283 388 ,
1338 324 1648 394 quemque
1711 306 1912 408 eliapz

226 431 233 436 ·
338 398 577 468 dicere.

430 479 826 556 Humiliora
859 477 1230 567 illa‘vitia‚
1277 483 1630 552 summissa
1681 478 1918 574 adula-
1996 519 2012 528 ν

336 575 437 648 tio
460 631 481 663 ‚
501 573 1258 662 affectatascurti'litas,
1276 574 1346 642 in
1373 574 1574 643 rebus
1593 599 1671 644 ac
1687 573 1914 645 verbis

334 694 579 774 parum
629 665 951 736 modestis
995 690 1073 735 ac
1129 662 1402 758 pudicis
1441 664 1598 734 vilis
1651 665 1916 758 pudor,

334 785 412 828 ln
439 757 626 842 omni
657 755 935 850 negotio
969 755 1278 849 neglecta
1317 755 1684 826 auctoritas
1712 784 1728 825 ε
1764 783 1911 849 quae
1977 771 1994 788 ²

331 851 477 938 fere
516 848 839 920 accidunt
892 847 977 916 iis
1042 847 1161 939 qui
1204 845 1494 917 nimium
1530 860 1649 915 aut
1671 845 1911 936 blandi

334 966 480 1010 esse
498 994 516 1024 ‚
552 952 673 1010 aut
695 937 971 1008 ridiculi
998 938 1264 1009 volunt.
1755 963 1781 1025 g

354 1025 361 1032 ’
424 1037 535 1101 IV.
566 1035 792 1123 Ipsum
820 1029 1026 1099 etiam
1058 1028 1466 1124 eloquentiae
1493 1051 1708 1120 genus
1741 1029 1910 1101 alios

332 1121 525 1192 aliud
556 1121 773 1192 decet.
1353 1150 1368 1160 ··

330 1295 339 1308 ι
451 1234 510 1283 1.
566 1219 740 1282 Nam
779 1235 1003 1304 neque
1039 1222 1185 1280 tam-
1221 1208 1540 1302 plenum,
1589 1215 1659 1281 et
1707 1236 1908 1282 erec-

326 1315 477 1373 tum
504 1361 527 1394 ,
584 1316 653 1372 et
710 1303 929 1383 audax
955 1313 994 1388 ‚'
1042 1313 1113 1370 et
1170 1298 1566 1394 praecultum
1624 1302 1905 1373 senibus

327 1394 729 1471 convenerit
760 1418 1023 1487 ‚vquam
1058 1419 1365 1486 pressum
1393 1445 1412 1478 ‚
1463 1404 1532 1464 et
1578 1395 1741 1464 mite
1775 1447 1796 1480 ‚
1833 1407 1904 1466 et

324 1483 675 1569 limatum,
707 1497 771 1554 et
789 1485 985 1577 quale
1011 1483 1306 1576 intelligi
1330 1484 1732 1578 vultCicero
1752 1538 1772 1571 ‚
1797 1493 1902 1570 (ι)

326 1601 483 1662 cum
510 1576 719 1660 dicit,
746 1577 1128 1645 orationem
1155 1600 1343 1644 suam
1379 1576 1654 1670 coepisse
1681 1603 1904 1649 canes-

318 1691 507 1748 αγις
542 1667 720 1738 sicut
762 1664 1061 1737 vestibus
1102 1689 1372 1759 quoque
1419 1673 1901 1760 non-purpura

322 1783 664 1864 coccoque
711 1755 1140 1850 fulgentibus
1175 1753 1294 1826 illa
1332 1767 1490 1827 aetas
1536 1753 1897 1851 satis-apta

322 1863 436 1921 stt.
1127 1875 1129 1878 ⁴
1833 1908 1840 1919 ,

412 1948 492 2011 In
534 1938 895 2027 iuvenibus
935 1939 1144 2009 etiam
1182 1936 1502 2009 uberiora
1548 1940 1793 2033 paulo,
1829 1956 1901 2032 et

319 2054 495 2125 pene
532 2030 993 2123 periclitantia
1035 2031 1369 2100 feruntur.
1407 2038 1499 2100 At
1527 2032 1598 2101 in
1649 2032 1894 2103 iisdem

318 2122 577 2193 siccum
606 2173 626 2206 ‚
675 2133 744 2191 et
784 2120 1158 2191 sollicitum
1192 2133 1261 2190 et
1301 2134 1726 2192 contractum
1774 2122 1900 2194 di-

318 2210 523 2296 cendi
598 2212 1025 2305 propositum
1066 2264 1087 2297 ‚
1157 2211 1559 2305 plerumque
1622 2214 1899 2284 affecta-

316 2303 508 2376 tione
536 2302 681 2396 ipsa
707 2302 1086 2374 severitatis
1120 2300 1417 2374 invisum
1443 2317 1581 2375 est:
1615 2306 1894 2399 quando

314 2395 525 2477 etiam
560 2420 825 2464 morum
858 2394 1096 2465 senilis
1139 2394 1508 2467 auctoritas
1533 2396 1898 2467 immatura

316 2485 393 2557 in
426 2484 975 2557 adolescentibus
1010 2486 1336 2557 creditur.
1823 2530 1830 2537 ·

408 2576 841 2669 simpliciora
895 2576 1225 2647 militares
1275 2576 1542 2647 decent.
1578 2578 1896 2650 Philoso-

314 2666 549 2763 phiam
590 2693 671 2738 ex
710 2667 1015 2761 professo
1070 2674 1200 2750 (ut
1247 2667 1526 2760 quidam
1574 2667 1891 2759 faciunt)

264 2758 269 2763 ’
314 2757 821 2829 ostentantibus
854 2811 873 2843 ‚
913 2782 1156 2851 parum
1198 2758 1428 2828 decori
1481 2773 1643 2832 sunt
1685 2762 1898 2856 pleri-

272 2918 281 2923 .
362 2876 445 2920 ue
480 2850 813 2921 orationis
853 2862 1135 2919 ornatus
1160 2902 1180 2933 ‚
1227 2851 1762 2947 maximeque-ex
1795 2856 1899 2924 af-

332 2939 608 3012 ectibus
632 2994 652 3025 ‚
709 2966 880 3033 quos
944 2938 1048 3010 illi
1109 2940 1278 3012 vitia
1335 2941 1598 3014 dicunt.
1662 2945 1896 3026 Verba

312 3055 585 3123 quoque
623 3030 1064 3124 exquisitiora
1084 3084 1102 3115 ‚
1135 3044 1205 3103 et
1229 3036 1634 3129 compositio
1660 3060 1897 3107 nume-

311 3146 469 3191 rosa
516 3120 637 3193 tali
682 3122 1034 3215 proposito
1074 3123 1363 3195 diversa.
1395 3134 1550 3195 Non
1584 3126 1766 3195 enim
1797 3154 1903 3197 so-

310 3210 457 3283 lum
484 3212 603 3282 illa
634 3212 941 3313 laetiora‚··
966 3213 1196 3308 qualia
1225 3242 1265 3285 a
1297 3217 1628 3287 Cicerone
1660 3214 1899 3289 dicun-

376 3336 489 3407 (1)
519 3338 583 3391 In
608 3335 793 3403 Bruto,
811 3352 953 3395 num.
975 3336 1027 3393 8.

1465 3349 1618 3484 ιε·
