2188 3757
337 163 476 231 300
725 163 918 230 Lux.
987 161 1129 228 xl.
1178 160 1359 228 cn.
1417 163 1566 233 111.

435 247 785 320 Cervicem
830 260 1087 320 rectam
1125 262 1395 344 oportet
1426 277 1619 335 esse,
1661 275 1805 322 non
1849 254 1947 324 ri·—

393 340 573 412 idam
627 354 748 410 aut
781 341 1121 445 supinam.
1157 342 1427 412 Collum
1468 342 1741 414 diversa
1792 345 1945 438 qui·

343 367 538 516 gem,
565 431 684 502 sed
719 457 867 526 pan
903 432 1337 505 deformitate
1364 446 1431 502 et
1459 436 1945 523 contrahitur,

345 538 417 596 et
464 523 828 595 tenditur:
879 523 1000 596 sed
1049 536 1246 594 tenso
1295 524 1528 596 subest
1572 539 1639 596 et
1696 527 1955 614 labor,

346 628 810 724 tenuaturque
875 643 1004 688 vox
1069 641 1152 688 ac
1213 617 1563 776 fatipatur.
1636 620 1947 702 ᾼΗὶιιιιιιι

401 708 614 786 ectori
646 721 999 794 mentum,
1039 706 1268 778 minus
1304 735 1341 778 c
1366 734 1606 795 aram,
1638 722 1707 782 et
1740 711 1945 804 quasi

383 799 668 871 atiorem
707 826 936 895 presso
985 813 1261 894 gutture
1296 799 1483 870 fae-it.

446 898 915 967 Humerorum
934 919 1089 962 raro
1117 892 1373 962 decens
1393 891 1713 968 allevatio
1719 905 1950 999 atque

355 985 741 1056 contractio
775 995 898 1054 est.
927 983 1306 1056 Breviatur
1327 984 1521 1054 enim
1557 985 1829 1070 cervix,
1872 998 1949 1056 et

315 1145 322 1152 .
405 1088 622 1148 estum
672 1075 1035 1184 quemdam
1086 1069 1416 1146 humilem
1477 1089 1681 1210 atque
1729 1077 1951 1148 servi-

352 1101 545 1276 fem,
567 1183 634 1240 et
665 1169 858 1262 quasi
894 1166 1411 1241 fraudulentum
1445 1167 1655 1252 facit3
1686 1193 1841 1238 cum
1870 1194 1947 1246 se

353 1259 433 1330 ἰιι
488 1259 801 1330 habitum
872 1259 1336 1346 adulationis,
1400 1219 1879 1336 admirationis
1925 1313 1955 1350 ,

359 1364 582 1421 metus
620 1351 912 1456 fingunt.

449 1441 727 1512 Brachii
763 1443 1111 1512 moderata
1142 1441 1475 1547 projectio
1498 1442 1797 1512 remissis
1822 1441 1953 1512 hu—

359 1533 606 1620 ιιιειὶε,
663 1547 867 1630 atque
923 1533 1420 1641 explicantibus
1464 1559 1533 1603 se
1591 1534 1665 1604 in
1715 1535 1951 1626 profe-

312 1685 326 1690 -
357 1626 576 1699 reuda
617 1652 824 1698 manu
862 1625 1137 1733 digitis,
1188 1625 1555 1695 continuos
1590 1639 1659 1694 et
1700 1627 1953 1696 decur-

358 1730 592 1791 rentes
639 1719 823 1790 locos
868 1718 1155 1790 maxime
1198 1717 1415 1786 decent
1456 1723 1547 1786 At
1590 1743 1744 1788 cum
1793 1743 1950 1814 spe-

361 1809 616 1878 ciosius
699 1809 819 1881 uid
861 1809 1141 1878 uberius
1193 1835 1273 1876 ue
1302 1807 1671 1878 dicendum
1704 1825 1841 1894 est,
1870 1822 1951 1881 ut

361 1898 590 1989 illud,
629 1836 727 1971 §a
729 1926 826 1971 ,τα
837 1912 1080 2006 alque
1087 1835 1481 1969 sotiztudmes
1510 1926 1649 1971 voce
1682 1926 1952 1991 respon-

361 1992 566 2077 dent,
633 1992 1019 2086 expatiatur
1061 1992 1134 2064 in
1186 1990 1409 2075 latus,
1460 2002 1527 2059 et
1575 1992 1721 2097 ipsa
1772 2019 1951 2087 quo-

363 2084 730 2157 dammodo
757 2110 827 2163 se
861 2110 1014 2155 cum
1041 2096 1235 2177 gestu
1271 2044 1501 2153 fun’dit
1526 2083 1806 2153 oratio

455 2184 708 2249 Manus
757 2202 963 2262 vero,
997 2178 1145 2247 sine
1175 2173 1429 2280 quibus
1484 2182 1732 2245 trunca
1766 2190 1948 2248 esset

359 2275 540 2341 actm
604 2294 684 2339 ac
735 2268 1020 2353 debilis,
1086 2267 1194 2339 vix
1258 2266 1395 2336 dici
1420 2278 1731 2371 potest,
1822 2282 1948 2341 uot

361 2372 590 2431 motus
625 2360 978 2445 habeant3
1020 2384 1175 2428 cum
1208 2382 1381 2451 pene
1417 2356 1636 2449 ipsam
1679 2294 1951 2431 vei-lio-

359 2478 519 2524 rum
571 2452 837 2546 copiam
904 2462 1420 2543 persequantur.
1471 2456 1645 2518 Nam
1686 2464 1947 2525 eaeterae

359 2556 590 2639 partes
635 2543 1026 2649 loquentem
1081 2540 1454 2631 adjuvant,
1514 2540 1615 2611 hae
1662 2547 1945 2635 (prope

363 2649 467 2705 est
516 2648 592 2704 ut
645 2635 920 2721 dicam)
980 2634 1137 2726 ipsae
1189 2632 1585 2726 loquuntur.
1649 2640 1761 2703 An
1797 2660 1944 2709 non

356 2724 472 2800 his
521 2726 908 2832 poscimus.
893 2735 922 2795 ἓ.
951 2723 1357 2819 pollicemur
1384 2734 1411 2793 ἰ’
1441 2734 1802 2793 vocamus?
1836 2722 1947 2797 di-

359 2815 696 2887 mittimus
729 2826 755 2887 ἰ’
789 2817 1179 2886 minamur?
1218 2816 1681 2922 supplicamus
1718 2826 1745 2886 ?
1774 2815 1947 2887 abo-

356 2908 753 2979 minamur?
795 2909 1151 2978 timemus.
1144 2919 1173 2963 Ρ
1218 2907 1771 3013 interrogamus?
1802 2934 1945 2979 ne.—

357 2998 1054 3103 gamus?gaudium‚
1108 2998 1502 3085 tristitiam,
1542 2992 1945 3071 dubitatio-

355 3116 561 3183 nem²
615 3090 1155 3177 confessionem,
1217 3090 1732 3183 poenitentiam,
1775 3118 1945 3166 mo-

356 3146 569 3270 dum,
605 3184 908 3277 copiam,
941 3208 1343 3269 numerum,
1366 3196 1682 3289 tempus,
1706 3196 1943 3255 osten-

353 3274 582 3349 dimus
617 3286 645 3351 ἓ
677 3283 870 3351 Νοιι
889 3274 1141 3349 eaedem
1188 3273 1604 3349 concitant?
1653 3276 1939 3372 suppli-

2086 257 2183 730 l

2166 1597 2183 1887 ,

2162 1900 2183 2683 l

1748 2726 2183 3563 l
