<?xml version="1.0" encoding="UTF-8"?>
<!DOCTYPE html PUBLIC "-//W3C//DTD XHTML 1.0 Transitional//EN"
    "http://www.w3.org/TR/xhtml1/DTD/xhtml1-transitional.dtd">
<html xmlns="http://www.w3.org/1999/xhtml" xml:lang="en" lang="en">
 <head>
  <title>
</title>
<meta http-equiv="Content-Type" content="text/html;charset=utf-8" />
  <meta name='ocr-system' content='tesseract 3.04.00' />
  <meta name='ocr-capabilities' content='ocr_page ocr_carea ocr_par ocr_line ocrx_word'/>
</head>
<body>
  <div class='ocr_page' id='page_1' title='image "./mfabiiquintilia22quingoog_0243.png"; bbox 0 0 2188 3757; ppageno 0'>
   <div class='ocr_carea' id='block_1_1' title="bbox 181 234 1901 2979">
    <p class='ocr_par' dir='ltr' id='par_1_1' title="bbox 220 234 1876 970">
     <span class='ocr_line' id='line_1_1' title="bbox 438 234 1802 316; baseline 0.001 -6"><span class='ocrx_word' id='word_1_1' title='bbox 438 234 807 310; x_wconf 61' lang='lat' dir='ltr'><strong>hicum-As</strong></span> <span class='ocrx_word' id='word_1_2' title='bbox 854 243 1136 316; x_wconf 61' lang='lat' dir='ltr'><strong>merum</strong></span> <span class='ocrx_word' id='word_1_3' title='bbox 1183 261 1279 310; x_wconf 70' lang='lat' dir='ltr'><strong>nx</strong></span> <span class='ocrx_word' id='word_1_4' title='bbox 1323 263 1528 312; x_wconf 72' lang='lat' dir='ltr'><strong>erm.</strong></span> <span class='ocrx_word' id='word_1_5' title='bbox 1669 237 1802 312; x_wconf 72' lang='lat'><strong>233</strong></span> 
     </span>
     <span class='ocr_line' id='line_1_2' title="bbox 221 327 1804 424; baseline 0 -22"><span class='ocrx_word' id='word_1_6' title='bbox 221 327 578 424; x_wconf 71' lang='lat' dir='ltr'><strong>Siquidem</strong></span> <span class='ocrx_word' id='word_1_7' title='bbox 613 333 689 400; x_wconf 85' lang='lat' dir='ltr'><strong>C.</strong></span> <span class='ocrx_word' id='word_1_8' title='bbox 722 329 944 399; x_wconf 82' lang='lat' dir='ltr'>Carbo</span> <span class='ocrx_word' id='word_1_9' title='bbox 991 331 1197 400; x_wconf 85' lang='lat' dir='ltr'><strong>etiam</strong></span> <span class='ocrx_word' id='word_1_10' title='bbox 1240 331 1308 400; x_wconf 93' lang='lat' dir='ltr'><strong>in</strong></span> <span class='ocrx_word' id='word_1_11' title='bbox 1355 329 1804 402; x_wconf 79' lang='lat' dir='ltr'><strong>tabernaculo</strong></span> 
     </span>
     <span class='ocr_line' id='line_1_3' title="bbox 224 419 1805 494; baseline 0.001 -2"><span class='ocrx_word' id='word_1_12' title='bbox 224 419 491 492; x_wconf 80' lang='lat' dir='ltr'><strong>solebat</strong></span> <span class='ocrx_word' id='word_1_13' title='bbox 538 421 667 493; x_wconf 84' lang='lat' dir='ltr'><strong>hac</strong></span> <span class='ocrx_word' id='word_1_14' title='bbox 712 422 810 490; x_wconf 85' lang='lat' dir='ltr'><strong>uti</strong></span> <span class='ocrx_word' id='word_1_15' title='bbox 855 421 1340 492; x_wconf 76' lang='lat' dir='ltr'>exercitatione</span> <span class='ocrx_word' id='word_1_16' title='bbox 1374 421 1805 494; x_wconf 81' lang='lat' dir='ltr'><strong>dicendi.Ne</strong></span> 
     </span>
     <span class='ocr_line' id='line_1_4' title="bbox 224 511 1800 606; baseline 0.003 -24"><span class='ocrx_word' id='word_1_17' title='bbox 224 511 303 582; x_wconf 83' lang='lat' dir='ltr'><strong>id</strong></span> <span class='ocrx_word' id='word_1_18' title='bbox 358 511 633 606; x_wconf 88' lang='lat' dir='ltr'><strong>quidem</strong></span> <span class='ocrx_word' id='word_1_19' title='bbox 695 513 1061 583; x_wconf 84' lang='lat' dir='ltr'><strong>tacendum</strong></span> <span class='ocrx_word' id='word_1_20' title='bbox 1113 524 1214 582; x_wconf 88' lang='lat' dir='ltr'><strong>est</strong></span> <span class='ocrx_word' id='word_1_21' title='bbox 1249 565 1278 596; x_wconf 74' lang='grc'><strong>,,</strong></span> <span class='ocrx_word' id='word_1_22' title='bbox 1339 511 1522 605; x_wconf 83' lang='lat' dir='ltr'><strong>quod</strong></span> <span class='ocrx_word' id='word_1_23' title='bbox 1575 513 1800 598; x_wconf 79' lang='lat' dir='ltr'><strong>eidem</strong></span> 
     </span>
     <span class='ocr_line' id='line_1_5' title="bbox 224 601 1876 697; baseline 0.001 -23"><span class='ocrx_word' id='word_1_24' title='bbox 224 601 545 674; x_wconf 89' lang='lat' dir='ltr'><strong>Ciceroni</strong></span> <span class='ocrx_word' id='word_1_25' title='bbox 580 604 841 696; x_wconf 88' lang='lat' dir='ltr'><strong>placet,</strong></span> <span class='ocrx_word' id='word_1_26' title='bbox 872 603 1142 674; x_wconf 84' lang='lat' dir='ltr'><strong>nullum</strong></span> <span class='ocrx_word' id='word_1_27' title='bbox 1180 615 1486 674; x_wconf 83' lang='lat' dir='ltr'><strong>nostrum</strong></span> <span class='ocrx_word' id='word_1_28' title='bbox 1514 631 1809 697; x_wconf 51' lang='lat' dir='ltr'><strong>usquam.</strong></span> <span class='ocrx_word' id='word_1_29' title='bbox 1861 651 1876 664; x_wconf 59' lang='grc' dir='ltr'><strong><em>ι</em></strong></span> 
     </span>
     <span class='ocr_line' id='line_1_6' title="bbox 222 694 1798 788; baseline 0.001 -23"><span class='ocrx_word' id='word_1_30' title='bbox 222 694 691 788; x_wconf 80' lang='lat' dir='ltr'><strong>negligentem</strong></span> <span class='ocrx_word' id='word_1_31' title='bbox 746 720 888 766; x_wconf 91' lang='lat' dir='ltr'><strong>esse</strong></span> <span class='ocrx_word' id='word_1_32' title='bbox 952 720 1335 766; x_wconf 83' lang='lat' dir='ltr'><strong>sermonem</strong></span> <span class='ocrx_word' id='word_1_33' title='bbox 1387 723 1403 764; x_wconf 90' lang='lat'><strong>:</strong></span> <span class='ocrx_word' id='word_1_34' title='bbox 1467 697 1626 788; x_wconf 86' lang='lat' dir='ltr'><strong>quic</strong></span> <span class='ocrx_word' id='word_1_35' title='bbox 1675 696 1798 767; x_wconf 85' lang='lat' dir='ltr'><strong>uid</strong></span> 
     </span>
     <span class='ocr_line' id='line_1_7' title="bbox 220 722 1802 880; baseline 0.001 -24"><span class='ocrx_word' id='word_1_36' title='bbox 220 785 586 880; x_wconf 85' lang='lat' dir='ltr'><strong>loquemur</strong></span> <span class='ocrx_word' id='word_1_37' title='bbox 609 839 629 872; x_wconf 86' lang='lat'><strong>‚</strong></span> <span class='ocrx_word' id='word_1_38' title='bbox 665 783 1058 880; x_wconf 86' lang='lat' dir='ltr'><strong>ubicunque</strong></span> <span class='ocrx_word' id='word_1_39' title='bbox 1103 787 1192 857; x_wconf 75' lang='lat' dir='ltr'><strong>sit</strong></span> <span class='ocrx_word' id='word_1_40' title='bbox 1229 812 1354 880; x_wconf 86' lang='lat' dir='ltr'><strong>pro</strong></span> <span class='ocrx_word' id='word_1_41' title='bbox 1382 813 1500 856; x_wconf 91' lang='lat' dir='ltr'><strong>sua</strong></span> <span class='ocrx_word' id='word_1_42' title='bbox 1535 722 1802 858; x_wconf 48' lang='lat' dir='ltr'><strong>scilicet</strong></span> 
     </span>
     <span class='ocr_line' id='line_1_8' title="bbox 220 878 969 970; baseline -0.003 -20"><span class='ocrx_word' id='word_1_43' title='bbox 220 878 543 970; x_wconf 73' lang='lat' dir='ltr'><strong>portione</strong></span> <span class='ocrx_word' id='word_1_44' title='bbox 571 879 969 970; x_wconf 88' lang='lat' dir='ltr'><strong>perfectum.</strong></span> 
     </span>
    </p>

    <p class='ocr_par' dir='ltr' id='par_1_2' title="bbox 210 967 1798 1427">
     <span class='ocr_line' id='line_1_9' title="bbox 308 967 1798 1064; baseline 0.001 -25"><span class='ocrx_word' id='word_1_45' title='bbox 308 967 779 1040; x_wconf 86' lang='lat' dir='ltr'><strong>Scribendum.</strong></span> <span class='ocrx_word' id='word_1_46' title='bbox 804 983 983 1042; x_wconf 85' lang='lat' dir='ltr'><strong>certe</strong></span> <span class='ocrx_word' id='word_1_47' title='bbox 1018 995 1372 1064; x_wconf 86' lang='lat' dir='ltr'><strong>nunquam</strong></span> <span class='ocrx_word' id='word_1_48' title='bbox 1406 981 1507 1040; x_wconf 85' lang='lat' dir='ltr'><strong>est</strong></span> <span class='ocrx_word' id='word_1_49' title='bbox 1540 969 1798 1062; x_wconf 75' lang='lat' dir='ltr'><strong>magis,</strong></span> 
     </span>
     <span class='ocr_line' id='line_1_10' title="bbox 212 1059 1796 1154; baseline 0.001 -24"><span class='ocrx_word' id='word_1_50' title='bbox 212 1068 420 1154; x_wconf 69' lang='lat' dir='ltr'><strong>quam</strong></span> <span class='ocrx_word' id='word_1_51' title='bbox 453 1085 607 1130; x_wconf 82' lang='lat' dir='ltr'><strong>cum</strong></span> <span class='ocrx_word' id='word_1_52' title='bbox 640 1061 855 1138; x_wconf 79' lang='lat' dir='ltr'><strong>multa</strong></span> <span class='ocrx_word' id='word_1_53' title='bbox 887 1059 1192 1132; x_wconf 87' lang='lat' dir='ltr'><strong>dicemus</strong></span> <span class='ocrx_word' id='word_1_54' title='bbox 1228 1088 1307 1134; x_wconf 81' lang='lat' dir='ltr'><strong>ex</strong></span> <span class='ocrx_word' id='word_1_55' title='bbox 1338 1063 1661 1153; x_wconf 85' lang='lat' dir='ltr'><strong>tempore.</strong></span> <span class='ocrx_word' id='word_1_56' title='bbox 1691 1068 1796 1132; x_wconf 80' lang='lat' dir='ltr'><strong>Ita</strong></span> 
     </span>
     <span class='ocr_line' id='line_1_11' title="bbox 216 1150 1798 1245; baseline 0.002 -24"><span class='ocrx_word' id='word_1_57' title='bbox 216 1152 405 1222; x_wconf 90' lang='lat' dir='ltr'><strong>enim</strong></span> <span class='ocrx_word' id='word_1_58' title='bbox 426 1150 806 1222; x_wconf 82' lang='lat' dir='ltr'><strong>servabitur</strong></span> <span class='ocrx_word' id='word_1_59' title='bbox 831 1153 1123 1245; x_wconf 83' lang='lat' dir='ltr'><strong>pondus,</strong></span> <span class='ocrx_word' id='word_1_60' title='bbox 1143 1152 1646 1238; x_wconf 83' lang='lat' dir='ltr'><strong>et(1)innatans</strong></span> <span class='ocrx_word' id='word_1_61' title='bbox 1673 1151 1798 1224; x_wconf 84' lang='lat' dir='ltr'><strong>illa</strong></span> 
     </span>
     <span class='ocr_line' id='line_1_12' title="bbox 210 1241 1798 1330; baseline 0 -16"><span class='ocrx_word' id='word_1_62' title='bbox 210 1242 581 1314; x_wconf 82' lang='lat' dir='ltr'><strong>verborum</strong></span> <span class='ocrx_word' id='word_1_63' title='bbox 628 1243 921 1314; x_wconf 77' lang='lat' dir='ltr'><strong>facilitas</strong></span> <span class='ocrx_word' id='word_1_64' title='bbox 974 1243 1045 1314; x_wconf 87' lang='lat' dir='ltr'><strong>in</strong></span> <span class='ocrx_word' id='word_1_65' title='bbox 1101 1243 1313 1314; x_wconf 89' lang='lat' dir='ltr'><strong>altum</strong></span> <span class='ocrx_word' id='word_1_66' title='bbox 1369 1241 1737 1314; x_wconf 86' lang='lat' dir='ltr'><strong>reducetur</strong></span> <span class='ocrx_word' id='word_1_67' title='bbox 1771 1297 1798 1330; x_wconf 87' lang='lat'>‚</span> 
     </span>
     <span class='ocr_line' id='line_1_13' title="bbox 211 1333 1792 1427; baseline 0.002 -22"><span class='ocrx_word' id='word_1_68' title='bbox 211 1334 392 1405; x_wconf 88' lang='lat' dir='ltr'><strong>sicut</strong></span> <span class='ocrx_word' id='word_1_69' title='bbox 448 1334 681 1405; x_wconf 79' lang='lat' dir='ltr'><strong>rustici</strong></span> <span class='ocrx_word' id='word_1_70' title='bbox 734 1333 1075 1427; x_wconf 81' lang='lat' dir='ltr'><strong>proximas</strong></span> <span class='ocrx_word' id='word_1_71' title='bbox 1117 1334 1272 1406; x_wconf 85' lang='lat' dir='ltr'><strong>vitis</strong></span> <span class='ocrx_word' id='word_1_72' title='bbox 1315 1333 1580 1406; x_wconf 85' lang='lat' dir='ltr'><strong>radices</strong></span> <span class='ocrx_word' id='word_1_73' title='bbox 1631 1362 1792 1408; x_wconf 88' lang='lat' dir='ltr'><strong>am-</strong></span> 
     </span>
    </p>

    <p class='ocr_par' dir='ltr' id='par_1_3' title="bbox 206 1425 1880 1694">
     <span class='ocr_line' id='line_1_14' title="bbox 267 1425 1792 1521; baseline 0.002 -26"><span class='ocrx_word' id='word_1_74' title='bbox 267 1438 469 1496; x_wconf 87' lang='lat' dir='ltr'><strong>utant</strong></span> <span class='ocrx_word' id='word_1_75' title='bbox 496 1479 515 1510; x_wconf 92' lang='lat'>‚</span> <span class='ocrx_word' id='word_1_76' title='bbox 556 1453 702 1521; x_wconf 84' lang='lat' dir='ltr'><strong>quae</strong></span> <span class='ocrx_word' id='word_1_77' title='bbox 742 1433 843 1512; x_wconf 85' lang='lat'><strong>(2)</strong></span> <span class='ocrx_word' id='word_1_78' title='bbox 868 1427 1057 1496; x_wconf 86' lang='lat' dir='ltr'><strong>illam</strong></span> <span class='ocrx_word' id='word_1_79' title='bbox 1102 1427 1172 1496; x_wconf 88' lang='lat' dir='ltr'><strong>in</strong></span> <span class='ocrx_word' id='word_1_80' title='bbox 1202 1451 1540 1496; x_wconf 88' lang='lat' dir='ltr'><strong>summum</strong></span> <span class='ocrx_word' id='word_1_81' title='bbox 1566 1425 1792 1500; x_wconf 78' lang='lat' dir='ltr'><strong>solum</strong></span> 
     </span>
     <span class='ocr_line' id='line_1_15' title="bbox 206 1451 1880 1614; baseline 0.003 -27"><span class='ocrx_word' id='word_1_82' title='bbox 206 1451 499 1601; x_wconf 47' lang='lat' dir='ltr'><strong>ducant,</strong></span> <span class='ocrx_word' id='word_1_83' title='bbox 524 1531 600 1589; x_wconf 89' lang='lat' dir='ltr'><strong>ut</strong></span> <span class='ocrx_word' id='word_1_84' title='bbox 626 1517 986 1590; x_wconf 83' lang='lat' dir='ltr'><strong>inferiores</strong></span> <span class='ocrx_word' id='word_1_85' title='bbox 1009 1519 1282 1612; x_wconf 86' lang='lat' dir='ltr'><strong>penitus</strong></span> <span class='ocrx_word' id='word_1_86' title='bbox 1306 1517 1792 1592; x_wconf 83' lang='lat' dir='ltr'><strong>descendendo</strong></span> <span class='ocrx_word' id='word_1_87' title='bbox 1873 1609 1880 1614; x_wconf 16' lang='grc' dir='ltr'>ἢ</span> 
     </span>
     <span class='ocr_line' id='line_1_16' title="bbox 210 1608 1782 1694; baseline 0.001 -16"><span class='ocrx_word' id='word_1_88' title='bbox 210 1608 599 1679; x_wconf 80' lang='lat' dir='ltr'><strong>firmentur.</strong></span> <span class='ocrx_word' id='word_1_89' title='bbox 1771 1681 1782 1694; x_wconf 70' lang='lat'>‚</span> 
     </span>
    </p>

    <p class='ocr_par' dir='ltr' id='par_1_4' title="bbox 181 1699 1901 2979">
     <span class='ocr_line' id='line_1_17' title="bbox 298 1699 1794 1792; baseline 0.001 -22"><span class='ocrx_word' id='word_1_90' title='bbox 298 1706 407 1770; x_wconf 83' lang='lat' dir='ltr'><strong>Ac</strong></span> <span class='ocrx_word' id='word_1_91' title='bbox 452 1699 690 1772; x_wconf 88' lang='lat' dir='ltr'><strong>nescio</strong></span> <span class='ocrx_word' id='word_1_92' title='bbox 733 1725 821 1770; x_wconf 89' lang='lat' dir='ltr'><strong>an</strong></span> <span class='ocrx_word' id='word_1_93' title='bbox 870 1712 1280 1792; x_wconf 80' lang='lat' dir='ltr'><strong>utrumque,</strong></span> <span class='ocrx_word' id='word_1_94' title='bbox 1325 1725 1480 1770; x_wconf 84' lang='lat' dir='ltr'><strong>cum</strong></span> <span class='ocrx_word' id='word_1_95' title='bbox 1513 1724 1676 1770; x_wconf 83' lang='lat' dir='ltr'><strong>cura</strong></span> <span class='ocrx_word' id='word_1_96' title='bbox 1715 1714 1794 1772; x_wconf 79' lang='lat' dir='ltr'><strong>et.</strong></span> 
     </span>
     <span class='ocr_line' id='line_1_18' title="bbox 208 1789 1792 1886; baseline 0 -22"><span class='ocrx_word' id='word_1_97' title='bbox 208 1791 441 1864; x_wconf 83' lang='lat' dir='ltr'><strong>studio</strong></span> <span class='ocrx_word' id='word_1_98' title='bbox 470 1792 827 1862; x_wconf 89' lang='lat' dir='ltr'><strong>fecerimus</strong></span> <span class='ocrx_word' id='word_1_99' title='bbox 854 1845 871 1876; x_wconf 83' lang='lat'>‚</span> <span class='ocrx_word' id='word_1_100' title='bbox 905 1791 1196 1862; x_wconf 85' lang='lat' dir='ltr'><strong>invicem</strong></span> <span class='ocrx_word' id='word_1_101' title='bbox 1224 1789 1439 1886; x_wconf 83' lang='lat' dir='ltr'><strong>prosit</strong></span> <span class='ocrx_word' id='word_1_102' title='bbox 1463 1841 1492 1877; x_wconf 83' lang='lat'><strong>‚-</strong></span> <span class='ocrx_word' id='word_1_103' title='bbox 1517 1804 1594 1861; x_wconf 89' lang='lat' dir='ltr'><strong>ut</strong></span> <span class='ocrx_word' id='word_1_104' title='bbox 1627 1793 1792 1864; x_wconf 88' lang='lat' dir='ltr'><strong>scri·</strong></span> 
     </span>
     <span class='ocr_line' id='line_1_19' title="bbox 200 1877 1784 1977; baseline 0.003 -24"><span class='ocrx_word' id='word_1_105' title='bbox 200 1881 435 1953; x_wconf 86' lang='lat' dir='ltr'><strong>hendo</strong></span> <span class='ocrx_word' id='word_1_106' title='bbox 478 1884 783 1954; x_wconf 87' lang='lat' dir='ltr'><strong>dicamus</strong></span> <span class='ocrx_word' id='word_1_107' title='bbox 824 1882 1225 1977; x_wconf 83' lang='lat' dir='ltr'><strong>diligentius</strong></span> <span class='ocrx_word' id='word_1_108' title='bbox 1249 1936 1270 1969; x_wconf 89' lang='lat'>‚</span> <span class='ocrx_word' id='word_1_109' title='bbox 1297 1882 1591 1955; x_wconf 85' lang='lat' dir='ltr'><strong>dicendo</strong></span> <span class='ocrx_word' id='word_1_110' title='bbox 1616 1877 1784 1957; x_wconf 84' lang='lat' dir='ltr'><strong>scri-</strong></span> 
     </span>
     <span class='ocr_line' id='line_1_20' title="bbox 200 1970 1780 2067; baseline 0.003 -25"><span class='ocrx_word' id='word_1_111' title='bbox 200 1970 445 2043; x_wconf 84' lang='lat' dir='ltr'><strong>bamus</strong></span> <span class='ocrx_word' id='word_1_112' title='bbox 476 1975 768 2044; x_wconf 80' lang='lat' dir='ltr'><strong>facilius.</strong></span> <span class='ocrx_word' id='word_1_113' title='bbox 793 1974 1248 2045; x_wconf 85' lang='lat' dir='ltr'><strong>Scribendum</strong></span> <span class='ocrx_word' id='word_1_114' title='bbox 1278 2000 1473 2067; x_wconf 82' lang='lat' dir='ltr'><strong>ergo,</strong></span> <span class='ocrx_word' id='word_1_115' title='bbox 1505 1977 1780 2067; x_wconf 81' lang='lat' dir='ltr'><strong>quoties</strong></span> 
     </span>
     <span class='ocr_line' id='line_1_21' title="bbox 197 2062 1780 2157; baseline 0.003 -24"><span class='ocrx_word' id='word_1_116' title='bbox 197 2062 442 2135; x_wconf 83' lang='lat' dir='ltr'><strong>licebit</strong></span> <span class='ocrx_word' id='word_1_117' title='bbox 480 2091 507 2135; x_wconf 66' lang='lat' dir='ltr'><strong>r</strong></span> <span class='ocrx_word' id='word_1_118' title='bbox 536 2065 598 2135; x_wconf 83' lang='lat' dir='ltr'><strong>si·</strong></span> <span class='ocrx_word' id='word_1_119' title='bbox 643 2065 713 2135; x_wconf 89' lang='lat' dir='ltr'><strong>id</strong></span> <span class='ocrx_word' id='word_1_120' title='bbox 748 2090 887 2135; x_wconf 87' lang='lat' dir='ltr'><strong>non</strong></span> <span class='ocrx_word' id='word_1_121' title='bbox 936 2064 1214 2135; x_wconf 83' lang='lat' dir='ltr'><strong>dabitur</strong></span> <span class='ocrx_word' id='word_1_122' title='bbox 1238 2116 1258 2149; x_wconf 87' lang='lat'>‚</span> <span class='ocrx_word' id='word_1_123' title='bbox 1289 2066 1730 2157; x_wconf 84' lang='lat' dir='ltr'><strong>cogitandum</strong></span> <span class='ocrx_word' id='word_1_124' title='bbox 1759 2094 1780 2137; x_wconf 72' lang='lat' dir='ltr'><strong><em>z</em></strong></span> 
     </span>
     <span class='ocr_line' id='line_1_22' title="bbox 200 2154 1782 2247; baseline 0.001 -23"><span class='ocrx_word' id='word_1_125' title='bbox 200 2154 291 2224; x_wconf 83' lang='lat' dir='ltr'><strong>ab</strong></span> <span class='ocrx_word' id='word_1_126' title='bbox 328 2168 619 2247; x_wconf 81' lang='lat' dir='ltr'><strong>utroque</strong></span> <span class='ocrx_word' id='word_1_127' title='bbox 660 2156 953 2242; x_wconf 78' lang='lat' dir='ltr'><strong>exclusi,</strong></span> <span class='ocrx_word' id='word_1_128' title='bbox 985 2154 1240 2229; x_wconf 82' lang='lat' dir='ltr'><strong>debent</strong></span> <span class='ocrx_word' id='word_1_129' title='bbox 1265 2168 1490 2225; x_wconf 84' lang='lat' dir='ltr'><strong>tamen</strong></span> <span class='ocrx_word' id='word_1_130' title='bbox 1518 2155 1782 2241; x_wconf 79' lang='lat' dir='ltr'><strong>adniti,</strong></span> 
     </span>
     <span class='ocr_line' id='line_1_23' title="bbox 197 2244 1784 2341; baseline 0.002 -27"><span class='ocrx_word' id='word_1_131' title='bbox 197 2257 281 2314; x_wconf 87' lang='lat' dir='ltr'><strong>ut</strong></span> <span class='ocrx_word' id='word_1_132' title='bbox 322 2272 411 2315; x_wconf 87' lang='lat' dir='ltr'><strong>ne</strong></span> <span class='ocrx_word' id='word_1_133' title='bbox 462 2268 547 2315; x_wconf 81' lang='lat' dir='ltr'><strong>ue</strong></span> <span class='ocrx_word' id='word_1_134' title='bbox 588 2246 1052 2340; x_wconf 83' lang='lat' dir='ltr'><strong>deprehensus</strong></span> <span class='ocrx_word' id='word_1_135' title='bbox 1086 2258 1352 2333; x_wconf 84' lang='lat' dir='ltr'><strong>orator,</strong></span> <span class='ocrx_word' id='word_1_136' title='bbox 1389 2271 1610 2341; x_wconf 84' lang='lat' dir='ltr'><strong>neque</strong></span> <span class='ocrx_word' id='word_1_137' title='bbox 1637 2244 1784 2317; x_wconf 81' lang='lat' dir='ltr'><strong>liti-</strong></span> 
     </span>
     <span class='ocr_line' id='line_1_24' title="bbox 191 2272 1582 2429; baseline 0 -24"><span class='ocrx_word' id='word_1_138' title='bbox 191 2349 399 2429; x_wconf 79' lang='lat' dir='ltr'><strong>gator</strong></span> <span class='ocrx_word' id='word_1_139' title='bbox 414 2272 796 2409; x_wconf 53' lang='lat' dir='ltr'><strong>t‹liestitutus</strong></span> <span class='ocrx_word' id='word_1_140' title='bbox 827 2364 969 2409; x_wconf 88' lang='lat' dir='ltr'><strong>esse</strong></span> <span class='ocrx_word' id='word_1_141' title='bbox 1006 2338 1346 2423; x_wconf 76' lang='lat' dir='ltr'><strong>videatur.</strong></span> <span class='ocrx_word' id='word_1_142' title='bbox 1577 2400 1582 2405; x_wconf 90' lang='lat'>.</span> 
     </span>
     <span class='ocr_line' id='line_1_25' title="bbox 284 2426 1785 2524; baseline 0.001 -26"><span class='ocrx_word' id='word_1_143' title='bbox 284 2427 697 2524; x_wconf 83' lang='lat' dir='ltr'><strong>Plerumque</strong></span> <span class='ocrx_word' id='word_1_144' title='bbox 735 2442 960 2499; x_wconf 76' lang='lat' dir='ltr'><strong>autem</strong></span> <span class='ocrx_word' id='word_1_145' title='bbox 997 2430 1210 2499; x_wconf 81' lang='lat' dir='ltr'><strong>multa</strong></span> <span class='ocrx_word' id='word_1_146' title='bbox 1253 2426 1613 2524; x_wconf 74' lang='lat' dir='ltr'><strong>agentibus</strong></span> <span class='ocrx_word' id='word_1_147' title='bbox 1649 2452 1785 2506; x_wconf 48' lang='lat' dir='ltr'><strong>aeq</strong></span> 
     </span>
     <span class='ocr_line' id='line_1_26' title="bbox 190 2518 1780 2678; baseline 0 -89"><span class='ocrx_word' id='word_1_148' title='bbox 190 2518 419 2606; x_wconf 82' lang='lat' dir='ltr'><strong>cidit,</strong></span> <span class='ocrx_word' id='word_1_149' title='bbox 466 2534 542 2592; x_wconf 89' lang='lat' dir='ltr'><strong>ut</strong></span> <span class='ocrx_word' id='word_1_150' title='bbox 599 2521 884 2592; x_wconf 85' lang='lat' dir='ltr'><strong>maxime</strong></span> <span class='ocrx_word' id='word_1_151' title='bbox 940 2519 1366 2605; x_wconf 82' lang='lat' dir='ltr'><strong>necessaria,</strong></span> <span class='ocrx_word' id='word_1_152' title='bbox 1421 2531 1490 2589; x_wconf 90' lang='lat' dir='ltr'><strong>et</strong></span> <span class='ocrx_word' id='word_1_153' title='bbox 1537 2519 1780 2678; x_wconf 52' lang='lat' dir='ltr'><strong>utilfoe</strong></span> 
     </span>
     <span class='ocr_line' id='line_1_27' title="bbox 189 2610 1776 2702; baseline -0.001 -22"><span class='ocrx_word' id='word_1_154' title='bbox 189 2610 401 2681; x_wconf 84' lang='lat' dir='ltr'><strong>initia</strong></span> <span class='ocrx_word' id='word_1_155' title='bbox 439 2610 789 2698; x_wconf 83' lang='lat' dir='ltr'><strong>scribant,</strong></span> <span class='ocrx_word' id='word_1_156' title='bbox 839 2623 1079 2683; x_wconf 79' lang='lat' dir='ltr'><strong>caetera</strong></span> <span class='ocrx_word' id='word_1_157' title='bbox 1106 2664 1124 2691; x_wconf 87' lang='lat'>,</span> <span class='ocrx_word' id='word_1_158' title='bbox 1170 2637 1317 2702; x_wconf 83' lang='lat' dir='ltr'><strong>quae</strong></span> <span class='ocrx_word' id='word_1_159' title='bbox 1368 2610 1572 2680; x_wconf 81' lang='lat' dir='ltr'><strong>domo</strong></span> <span class='ocrx_word' id='word_1_160' title='bbox 1605 2634 1646 2679; x_wconf 83' lang='lat' dir='ltr'><strong>a</strong></span> <span class='ocrx_word' id='word_1_161' title='bbox 1744 2650 1776 2663; x_wconf 89' lang='lat'>-</span> 
     </span>
     <span class='ocr_line' id='line_1_28' title="bbox 188 2698 1901 2797; baseline -0.002 -24"><span class='ocrx_word' id='word_1_162' title='bbox 188 2714 397 2789; x_wconf 81' lang='lat' dir='ltr'><strong>runt,</strong></span> <span class='ocrx_word' id='word_1_163' title='bbox 431 2703 855 2797; x_wconf 73' lang='lat' dir='ltr'><strong>cogitatione</strong></span> <span class='ocrx_word' id='word_1_164' title='bbox 892 2700 1438 2793; x_wconf 78' lang='lat' dir='ltr'><strong>complectantur</strong></span> <span class='ocrx_word' id='word_1_165' title='bbox 1461 2754 1480 2787; x_wconf 88' lang='lat'><strong>,</strong></span> <span class='ocrx_word' id='word_1_166' title='bbox 1523 2698 1778 2775; x_wconf 81' lang='lat' dir='ltr'><strong>subitis</strong></span> <span class='ocrx_word' id='word_1_167' title='bbox 1895 2763 1901 2769; x_wconf 91' lang='lat'>.</span> 
     </span>
     <span class='ocr_line' id='line_1_29' title="bbox 182 2790 1776 2887; baseline 0 -24"><span class='ocrx_word' id='word_1_168' title='bbox 182 2818 265 2863; x_wconf 80' lang='lat' dir='ltr'><strong>ex</strong></span> <span class='ocrx_word' id='word_1_169' title='bbox 308 2806 615 2887; x_wconf 84' lang='lat' dir='ltr'><strong>tempore</strong></span> <span class='ocrx_word' id='word_1_170' title='bbox 674 2805 1062 2865; x_wconf 85' lang='lat' dir='ltr'><strong>occurrant.</strong></span> <span class='ocrx_word' id='word_1_171' title='bbox 1120 2790 1328 2881; x_wconf 87' lang='lat' dir='ltr'><strong>Quod</strong></span> <span class='ocrx_word' id='word_1_172' title='bbox 1386 2791 1624 2866; x_wconf 84' lang='lat' dir='ltr'><strong>fecisse</strong></span> <span class='ocrx_word' id='word_1_173' title='bbox 1671 2799 1776 2865; x_wconf 87' lang='lat' dir='ltr'><strong>M.</strong></span> 
     </span>
     <span class='ocr_line' id='line_1_30' title="bbox 181 2882 1766 2979; baseline -0.001 -22"><span class='ocrx_word' id='word_1_174' title='bbox 181 2884 506 2957; x_wconf 83' lang='lat' dir='ltr'><strong>Tullium</strong></span> <span class='ocrx_word' id='word_1_175' title='bbox 550 2890 657 2971; x_wconf 84' lang='lat'><strong>(3)</strong></span> <span class='ocrx_word' id='word_1_176' title='bbox 676 2884 1185 2957; x_wconf 85' lang='lat' dir='ltr'><strong>commentariis</strong></span> <span class='ocrx_word' id='word_1_177' title='bbox 1217 2882 1433 2979; x_wconf 85' lang='lat' dir='ltr'><strong>ipsius</strong></span> <span class='ocrx_word' id='word_1_178' title='bbox 1461 2900 1766 2979; x_wconf 84' lang='lat' dir='ltr'><strong>apparet.</strong></span> 
     </span>
    </p>
   </div>
   <div class='ocr_carea' id='block_1_2' title="bbox 166 3041 1780 3441">
    <p class='ocr_par' dir='ltr' id='par_1_5' title="bbox 172 3041 1780 3241">
     <span class='ocr_line' id='line_1_31' title="bbox 247 3041 1776 3120; baseline 0 -27"><span class='ocrx_word' id='word_1_179' title='bbox 247 3044 276 3109; x_wconf 86' lang='grc'>(</span> <span class='ocrx_word' id='word_1_180' title='bbox 297 3044 365 3120; x_wconf 48' lang='grc' dir='ltr'><strong>ι.)</strong></span> <span class='ocrx_word' id='word_1_181' title='bbox 395 3042 577 3097; x_wconf 76' lang='lat' dir='ltr'><strong>Levior</strong></span> <span class='ocrx_word' id='word_1_182' title='bbox 600 3042 743 3112; x_wconf 71' lang='lat' dir='ltr'><strong>quasi</strong></span> <span class='ocrx_word' id='word_1_183' title='bbox 763 3042 821 3095; x_wconf 74' lang='lat' dir='ltr'><strong>iu</strong></span> <span class='ocrx_word' id='word_1_184' title='bbox 836 3042 1104 3114; x_wconf 67' lang='lat' dir='ltr'><strong>superficie</strong></span> <span class='ocrx_word' id='word_1_185' title='bbox 1119 3052 1326 3109; x_wconf 77' lang='lat' dir='ltr'><strong>natans,</strong></span> <span class='ocrx_word' id='word_1_186' title='bbox 1348 3041 1542 3110; x_wconf 73' lang='lat' dir='ltr'><strong>gravior</strong></span> <span class='ocrx_word' id='word_1_187' title='bbox 1571 3053 1620 3092; x_wconf 82' lang='lat' dir='ltr'><strong>et</strong></span> <span class='ocrx_word' id='word_1_188' title='bbox 1645 3059 1776 3109; x_wconf 76' lang='lat' dir='ltr'><strong>pro-</strong></span> 
     </span>
     <span class='ocr_line' id='line_1_32' title="bbox 172 3106 1780 3241; baseline -0.004 -15"><span class='ocrx_word' id='word_1_189' title='bbox 172 3106 522 3241; x_wconf 45' lang='grc' dir='ltr'><strong>Ῑαῗάοιςϊᾶὶιῗὲ.</strong></span> <span class='ocrx_word' id='word_1_190' title='bbox 538 3174 674 3225; x_wconf 78' lang='lat' dir='ltr'><strong>inam</strong></span> <span class='ocrx_word' id='word_1_191' title='bbox 696 3174 752 3225; x_wconf 84' lang='lat' dir='ltr'><strong>in</strong></span> <span class='ocrx_word' id='word_1_192' title='bbox 774 3174 1091 3241; x_wconf 78' lang='lat' dir='ltr'><strong>superficiem</strong></span> <span class='ocrx_word' id='word_1_193' title='bbox 1117 3184 1254 3226; x_wconf 71' lang='lat' dir='ltr'><strong>terra</strong></span> <span class='ocrx_word' id='word_1_194' title='bbox 1281 3170 1600 3235; x_wconf 75' lang='lat' dir='ltr'><strong>adducerent.</strong></span> <span class='ocrx_word' id='word_1_195' title='bbox 1771 3144 1780 3157; x_wconf 89' lang='lat'>.</span> 
     </span>
    </p>

    <p class='ocr_par' dir='ltr' id='par_1_6' title="bbox 166 3238 1774 3441">
     <span class='ocr_line' id='line_1_33' title="bbox 246 3238 1770 3311; baseline -0.001 -22"><span class='ocrx_word' id='word_1_196' title='bbox 246 3242 332 3307; x_wconf 75' lang='lat'><strong>(3)</strong></span> <span class='ocrx_word' id='word_1_197' title='bbox 367 3238 719 3291; x_wconf 63' lang='lat' dir='ltr'><strong>cananeum-12·</strong></span> <span class='ocrx_word' id='word_1_198' title='bbox 736 3280 753 3305; x_wconf 86' lang='lat'><strong>‚</strong></span> <span class='ocrx_word' id='word_1_199' title='bbox 784 3240 903 3298; x_wconf 77' lang='lat' dir='ltr'><strong>libri</strong></span> <span class='ocrx_word' id='word_1_200' title='bbox 920 3253 1037 3289; x_wconf 81' lang='lat' dir='ltr'><strong>sunt</strong></span> <span class='ocrx_word' id='word_1_201' title='bbox 1051 3280 1066 3305; x_wconf 87' lang='lat'>‚</span> <span class='ocrx_word' id='word_1_202' title='bbox 1087 3240 1181 3311; x_wconf 73' lang='lat' dir='ltr'><strong>qui</strong></span> <span class='ocrx_word' id='word_1_203' title='bbox 1204 3254 1416 3288; x_wconf 79' lang='lat' dir='ltr'><strong>summas</strong></span> <span class='ocrx_word' id='word_1_204' title='bbox 1436 3252 1602 3288; x_wconf 77' lang='lat' dir='ltr'><strong>rerum</strong></span> <span class='ocrx_word' id='word_1_205' title='bbox 1622 3253 1770 3288; x_wconf 73' lang='lat' dir='ltr'><strong>com-</strong></span> 
     </span>
     <span class='ocr_line' id='line_1_34' title="bbox 168 3300 1774 3374; baseline 0.003 -20"><span class='ocrx_word' id='word_1_206' title='bbox 168 3305 474 3374; x_wconf 76' lang='lat' dir='ltr'><strong>plectuntur.</strong></span> <span class='ocrx_word' id='word_1_207' title='bbox 498 3305 579 3357; x_wconf 82' lang='lat' dir='ltr'><strong>mi</strong></span> <span class='ocrx_word' id='word_1_208' title='bbox 603 3306 995 3359; x_wconf 66' lang='lat' dir='ltr'><strong>conficiebatur</strong></span> <span class='ocrx_word' id='word_1_209' title='bbox 1015 3306 1079 3357; x_wconf 77' lang='lat' dir='ltr'><strong>ab</strong></span> <span class='ocrx_word' id='word_1_210' title='bbox 1094 3303 1372 3358; x_wconf 68' lang='lat' dir='ltr'><strong>oeawtibm</strong></span> <span class='ocrx_word' id='word_1_211' title='bbox 1386 3300 1454 3355; x_wconf 67' lang='lat' dir='ltr'><strong>ad</strong></span> <span class='ocrx_word' id='word_1_212' title='bbox 1479 3318 1640 3357; x_wconf 65' lang='lat' dir='ltr'><strong>m</strong></span> <span class='ocrx_word' id='word_1_213' title='bbox 1660 3302 1774 3359; x_wconf 63' lang='lat' dir='ltr'><strong>diu·</strong></span> 
     </span>
     <span class='ocr_line' id='line_1_35' title="bbox 166 3369 1083 3441; baseline -0.001 -19"><span class='ocrx_word' id='word_1_214' title='bbox 166 3370 480 3441; x_wconf 73' lang='lat' dir='ltr'><strong>positionem</strong></span> <span class='ocrx_word' id='word_1_215' title='bbox 498 3383 546 3425; x_wconf 79' lang='lat' dir='ltr'><strong>et</strong></span> <span class='ocrx_word' id='word_1_216' title='bbox 566 3370 881 3427; x_wconf 70' lang='lat' dir='ltr'><strong>memoriam.</strong></span> <span class='ocrx_word' id='word_1_217' title='bbox 921 3369 1083 3425; x_wconf 75' lang='grc' dir='ltr'><strong>Τιιηι.</strong></span> 
     </span>
    </p>
   </div>
  </div>
 </body>
</html>
