2188 3757
347 260 481 351 364
759 272 934 337 Lu.
979 274 1161 339 xll.
1210 274 1399 341 cin».
1461 278 1553 341 X.
1630 346 1653 357 ‚
1710 318 1719 329 ι

339 438 685 461 ΜΒΜἜ
689 440 887 463 δΌἋἏδ
891 440 1933 467 ΜἪΜΜὶἏΜ

876 572 1246 641 CAPUT
1291 576 1389 639 Xe

632 753 763 819 Du
827 773 1170 821 efluunt
1236 778 1621 823 manunt.

415 922 468 983 Ι.
503 921 676 984 Varia
725 946 843 986 esse
871 946 1068 1005 genera
1100 928 1317 987 dicendi
1334 950 1355 999 ;
1390 940 1447 989 et
1474 926 1645 988 alium
1677 926 1789 987 alio
1814 929 1919 987 de-

327 1000 546 1065 lectari.
577 1038 658 1049 --
681 1004 833 1065 Idem
885 1006 1130 1067 accidere
1180 1011 1237 1067 in
1266 1010 1521 1087 picturis'
1552 1021 1609 1068 et
1656 1010 1855 1069 statuis
1888 1049 1913 1081 ,

333 1104 557 1164 quarum
589 1088 772 1145 varios
797 1098 852 1146 et
881 1086 1208 1147 excellentes
1241 1091 1295 1147 in
1316 1110 1413 1149 suo
1438 1108 1695 1169 quemque
1714 1108 1917 1165 genere

329 1168 548 1237 artifex
573 1179 964 1226 commemorat.
993 1196 1092 1210 -—
1123 1166 1383 1229 Recenset
1412 1182 1649 1229 oratores
1682 1162 1915 1226 Latinos

326 1244 468 1303 inter
499 1266 557 1304 se
588 1248 870 1305 distantes.
901 1244 1207 1307 Ciceronem
1235 1270 1388 1309 unum
1416 1248 1657 1307 omnibus
1687 1262 1811 1305 ante
1849 1270 1917 1305 o·

325 1327 410 1383 nit
429 1367 445 1394 ‚
483 1346 706 1405 eumque
730 1328 975 1397 defendit
1009 1340 1189 1385 contra
1222 1328 1622 1388 obtrectatores.
1654 1325 1738 1385 ΙΙ.
1820 1329 1912 1390 ria

323 1425 442 1463 esse
474 1425 668 1481 genera
687 1407 902 1464 dicendi
925 1428 946 1463 .·
969 1404 1211 1465 Atticum
1236 1448 1253 1478 ‚
1284 1407 1544 1467 Asianum
1567 1450 1586 1480 ‚
1612 1406 1911 1467 Rhodium.

324 1517 408 1529 —-
440 1485 679 1543 Atticum
701 1506 867 1564 genus
899 1488 1181 1561 optimum.
1216 1485 1362 1563 Quid
1388 1490 1461 1547 sit
1484 1488 1669 1547 Attice
1698 1487 1907 1545 dicere.

323 1596 405 1609 --
439 1561 693 1625 Latinam
727 1564 1082 1646 eloquentiam
1112 1588 1229 1627 esse
1261 1571 1520 1647 imparem
1548 1568 1743 1627 Atticm
1764 1607 1783 1635 ,
1838 1565 1911 1625 ob

323 1644 526 1723 linguae
563 1648 816 1725 inopiam.
847 1680 926 1689 ——
953 1643 1413 1725 compensandum
1444 1650 1505 1707 id
1532 1650 1810 1707 sententiis
1852 1659 1913 1706 et

319 1726 533 1805 figuris.
559 1724 676 1783 ΙΙΙ.
693 1724 924 1797 Refellit
947 1748 1036 1785 eos
1057 1730 1152 1805 qui
1176 1730 1398 1786 nimium
1424 1730 1568 1787 aridi
1591 1748 1794 1787 omnem
1822 1747 1911 1785 or-

319 1819 505 1865 natum
517 1817 870 1884 respuunt.—
881 1804 1226 1884 Temporibus
1240 1819 1295 1865 et
1304 1806 1523 1865 auribus
1536 1828 1655 1867 esse
1667 1808 1907 1867 servien-

315 1889 465 1945 dum.
490 1921 570 1930 —-
604 1883 882 1944 Scribendi
913 1897 966 1944 et
996 1887 1211 1944 dicendi
1244 1889 1464 1946 eandem
1494 1892 1754 1950 rationem
1783 1910 1905 1948 esse
1992 1891 2001 1900 ‘

316 1977 580 2047 oportere.
625 1961 696 2022 V.
735 1963 964 2022 Rursum
993 1967 1101 2023 tria
1136 1968 1350 2026 dicendi
1384 1988 1582 2045 genera
1613 1971 1842 2044 attingit
1874 1991 1899 2026 .·

291 2045 514 2107 ,subtile
547 2087 566 2117 ‚
616 2048 824 2125 grande
853 2089 870 2118 ,
933 2047 1169 2105 medium
1200 2069 1293 2105 seu
1315 2045 1593 2122 floridum.
1630 2083 1711 2092 -
1753 2045 1901 2108 Esse

314 2139 374 2188 et
401 2125 517 2187 alia
545 2129 726 2188 media
752 2147 948 2206 genera
992 2126 1164 2185 tribus
1192 2129 1461 2207 pradictis
1488 2128 1787 2205 interjecta.
1820 2161 1900 2172 --

317 2205 450 2267 Hoec
474 2207 692 2288 singula
717 2210 972 2279 etcausis
987 2248 1006 2277 ,
1035 2219 1090 2266 et
1109 2207 1353 2284 partibus
1384 2229 1663 2266 causarum
1684 2227 1901 2268 accom-

314 2289 608 2349 modanda.
643 2321 736 2333 -
777 2285 1047 2364 Quosdam
1067 2285 1324 2362 floridum
1350 2289 1507 2346 modo
1552 2289 1767 2348 dicendi
1792 2309 1894 2365 ge-

315 2391 412 2428 nus
441 2371 640 2430 sectari
673 2392 695 2427 .-·
720 2365 882 2426 male.
913 2402 993 2410 —
1009 2364 1143 2424 Hoec
1162 2371 1341 2425 omnia
1369 2379 1547 2426 orator
1564 2390 1666 2427 non
1690 2371 1894 2448 optime

309 2449 520 2516 tantum
552 2489 573 2520 ‚
616 2450 714 2508 sed
745 2450 910 2507 etiam
926 2443 1205 2522 facillime
1230 2448 1442 2520 faciat.

265 2651 270 2656 ⁸
309 2667 363 2732 1.
383 2631 880 2744 Soranum-‚ut
897 2657 1121 2728 dicam
1134 2657 1219 2744 de
1246 2682 1495 2749 genere
1526 2658 1899 2744 orationis..

313 2752 562 2840 (offic
577 2765 725 2820 erat
745 2751 1191 2844 propositusa
1226 2749 1424 2818 nobis
1444 2751 1514 2819 in
1543 2749 1887 2820 divisione

260 2892 269 2900 -
302 2846 528 2941 prima
558 2843 748 2928 locus
781 2842 1020 2911 tertius
1041 2865 1253 2925 ;,nam
1280 2840 1375 2926 ita
1400 2841 1883 2934 promiseram,

303 2963 416 3010 me
449 2937 533 3007 de
569 2946 750 3016 arte,
801 2931 884 3001 de
939 2930 1201 3002 artifice
1226 2983 1244 3013 ,
1283 2932 1367 3002 de
1414 2957 1617 3023 opere
1649 2931 1886 3002 dictu-

301 3055 479 3100 rum.
513 3033 680 3097 Cum
712 3025 798 3093 sit
825 3035 1049 3093 autem
1086 3023 1461 3112 rhetorices
1492 3037 1691 3116 atque
1726 3048 1883 3094 ora-

300 3117 475 3192 toris
529 3143 702 3210 opus
744 3114 1001 3198 oratic,
1034 3113 1397 3210 pluresque
1432 3117 1577 3202 ejus
1609 3114 1879 3204 formae,

302 3215 488 3285 sicut·
513 3206 1013 3293 ostendam3in
1047 3204 1367 3279 omnibus
1402 3204 1508 3276 his
1540 3219 1611 3280 et
1632 3231 1741 3278 ars
1772 3219 1880 3285 est

365 3381 450 3447 (ι)
473 3377 604 3432 Vide
623 3391 740 3430 tom.
762 3395 784 3430 x
801 3423 813 3434 .
843 3397 957 3447 pag.
983 3377 1094 3436 113.
