2188 3757
328 166 425 234 36
657 167 855 233 LIB·
915 167 1145 235 VIII.
1217 165 1408 235 cn.
1455 169 1554 236 1-1.

424 251 641 324 Nobis
701 255 919 346 prima
986 255 1075 326 sit
1125 255 1342 328 virtus
1399 256 1846 351 perspicuitas
1885 285 1918 345 ;

336 344 619 438 propria
650 345 887 431 verba,
922 357 1148 416 rectus
1181 347 1351 416 erdo
1382 400 1402 432 ‚
1447 373 1588 417 non
1631 349 1725 436 in5
1747 351 1915 422 lon-

340 461 503 528 gum
543 435 754 505 dilata
795 437 1192 523 conclusi03
1232 437 1407 506 nihil
1441 463 1661 532 neque
1695 439 1912 528 desit',

297 539 305 544 ’
336 549 565 619 neque
596 527 990 619 superfluat.
1024 535 1125 596 lta
1159 553 1378 598 sermo
1405 543 1474 598 et
1495 529 1916 623 doctis'pro-

314 616 593 688 ‘babilis
618 671 641 702 ‚
680 631 748 688 et
828 619 1027 688 lanus
1062 619 1398 712 imperitis
1436 622 1592 690 erit.
1617 628 1785 692 Haec
1813 636 1918 694 est

299 723 318 732 “
341 707 709 800 eloquendi
742 645 1150 779 oEservatio.
1179 716 1351 779 Nam
1379 735 1606 780 rerum
1685 714 1914 806 erspi-

344 800 561 868 cuitas
608 825 745 894 quo
786 799 989 869 modo
1022 800 1402 892 praestanda
1443 801 1580 888 sit,
1669 803 1916 876 iximus

340 888 416 962 in
465 891 814 984 praeceptis
846 897 1270 962 narrationis.
1308 898 1408 977 (1)
1893 947 1906 958 .

434 981 689 1052 similis
708 996 933 1052 autem
952 981 1128 1052 ratio
1147 995 1250 1052 est
1276 983 1350 1052 in
1373 982 1719 1054 omnibus.
1735 991 1912 1058 Nam

290 1141 293 1146 .
340 1072 397 1144 si
452 1099 539 1142 ne
589 1101 674 1144 ue
732 1073 1106 1179 pauciora3
1151 1099 1354 1167 quam
1413 1087 1719 1166 oportet,
1773 1103 1914 1146 ne-
1995 1099 2000 1102 ·

336 1186 471 1256 que
515 1191 561 1258 p
591 1191 711 1234 ura
737 1217 756 1250 ‚
812 1189 1033 1256 neque
1088 1163 1481 1233 inordinata
1515 1177 1632 1233 aut
1679 1166 1912 1237 indis-

310 1256 559 1324 -tincta
630 1255 1006 1325 dixerimus
1051 1306 1071 1337 ‚
1136 1267 1338 1323 erunt
1397 1254 1702 1325 dilucida
1747 1269 1790 1342 ‚'
1842 1273 1913 1328 et

298 1345 765 1450 ‘negligenter
808 1369 1094 1436 ,quoque
1143 1344 1581 1415 audientibus
1630 1361 1914 1439 aperta;

314 1437 501 1528 'quia
534 1436 603 1506 ld
642 1437 863 1532 ipsum
908 1436 981 1504 in
1010 1433 1299 1504 consilio
1333 1449 1433 1504 est
1466 1435 1858 1508 habendum
1885 1492 1908 1526 ‚

296 1563 303 1570 ·
335 1553 479 1596 non
510 1552 775 1620 semper
802 1539 940 1595 tam
967 1551 1109 1596 esse
1143 1551 1363 1595 acrem
1397 1525 1652 1613 judicis
1682 1527 1910 1600 inten—

334 1618 632 1704 tionem,
670 1631 745 1688 αἱ
770 1616 1254 1687 obscuritatem
1287 1617 1469 1722 apud
1493 1643 1561 1688 se
1593 1617 1736 1710 ipse
1769 1620 1909 1690 dis-

284 1731 293 1736 ·
334 1709 581 1795 cudat,
622 1722 693 1780 et
720 1708 1024 1781 tenebris
1056 1707 1388 1778 orationis
1421 1709 1670 1778 inierat
1695 1711 1910 1802 quod·
2011 1739 2018 1744 ·

334 1799 489 1872 dam
528 1800 993 1893 intelligentiae
1028 1826 1162 1869 suae
1193 1799 1474 1885 lumen3
1523 1799 1641 1868 sed
1671 1801 1906 1872 multis

332 1918 493 1962 eum
550 1892 949 1985 frequenter
988 1890 1524 1996 cegitationibu-zs
1575 1894 1904 1979 avocari3

286 1987 297 2001 ⁴
330 1982 467 2054 nisi
498 1995 637 2055 tam
682 1983 862 2053 clara
894 1982 1154 2052 suerint
1183 2007 1331 2075 quae
1362 1980 1686 2065 dicimus,
1721 1996 1796 2051 ut
1825 1983 1920 2055 in'

284 2114 293 2121 ·
332 2074 632 2145 animum
703 2078 849 2163 ejus
898 2074 1166 2159 oratio,
1215 2086 1294 2142 ut
1337 2074 1438 2141 sol
1489 2073 1562 2142 in
1611 2073 1846 2143 oculos
1877 2126 1902 2161 ,

280 2206 287 2213 ·
330 2165 595 2235 etiamsi
627 2166 701 2235 in
736 2191 884 2235 eam
918 2189 1061 2234 non-
1094 2163 1494 2233 intendatur
1516 2214 1537 2248 ,
1571 2163 1898 2235 incurrat.

328 2264 561 2345 Quare
587 2309 607 2340 ‚
654 2282 797 2325 non
842 2268 918 2323 ut
950 2253 1336 2323 intellioere
1369 2255 1620 2345 possit,
1658 2254 1777 2324 sed
1807 2282 1896 2329 ne

326 2347 614 2417 omnino
628 2346 838 2438 possit
864 2370 1005 2414 non
1036 2304 1422 2435 inteiligere
1439 2395 1458 2429 ‚
1491 2345 1894 2419 curandum.

272 2482 283 2491 ·
319 2443 611 2529 Pr'o'pter
637 2436 829 2529 quod
858 2436 1063 2505 etiam
1105 2433 1474 2527 repeti-mus
1505 2457 1676 2527 saepe
1695 2488 1712 2519 ‚
1745 2462 1892 2529 quae

317 2552 461 2599 non
493 2528 655 2599 satis
685 2526 1063 2621 percepi-sse
1088 2551 1202 2595 eos
1229 2578 1248 2609 ,
1283 2526 1401 2618 qui
1429 2541 1850 2619 cognoscunt
1869 2582 1892 2615 ‚

318 2634 635 2713 putamus
668 2620 878 2715 :,()uoe
896 2639 1102 2689 causa
1133 2623 1352 2710 utique
1373 2630 1600 2687 nostra
1631 2630 1738 2688 est
1749 2619 1892 2689 cul-

311 2714 409 2803 pa
440 2711 627 2781 dicta
652 2712 1009 2779 obscurius.
1030 2709 1186 2806 Qua
1217 2734 1430 2779 caus-a
1453 2710 1556 2779 ad
1571 2708 1886 2797 planiam

278 2824 287 2835 ·
319 2814 386 2871 et
422 2805 801 2871 communia
852 2804 1069 2889 magis
1119 2800 1312 2869 verba
1367 2800 1818 2871 descendimus
1865 2822 1886 2884 ’ς

282 2916 471 2961 eum
506 2891 577 2961 id
617 2890 839 2983 ipsum
884 2889 1138 2981 optime
1181 2887 1300 2959 fiat
1322 2941 1342 2973 ‚
1379 2888 1564 2981 quod
1593 2896 1716 2959 no's
1739 2891 1886 2963 ali-

312 2982 589 3075 quando
625 3004 766 3051 non
798 2980 1053 3073 optime
1085 2978 1322 3053 secisse
1347 2980 1764 3055 simulamus.
1791 3015 1798 3023 ·

272 3172 279 3195 ι
368 3154 453 3221 (2)
471 3148 601 3208 Vide
622 3158 681 3203 de
703 3152 994 3206 Narratione
1010 3189 1028 3222 ‚
1049 3164 1169 3228 tem.
1202 3168 1252 3204 r.

1347 3300 1413 3319 ss·-
