<?xml version="1.0" encoding="UTF-8"?>
<!DOCTYPE html PUBLIC "-//W3C//DTD XHTML 1.0 Transitional//EN"
    "http://www.w3.org/TR/xhtml1/DTD/xhtml1-transitional.dtd">
<html xmlns="http://www.w3.org/1999/xhtml" xml:lang="en" lang="en">
 <head>
  <title>
</title>
<meta http-equiv="Content-Type" content="text/html;charset=utf-8" />
  <meta name='ocr-system' content='tesseract 3.04.00' />
  <meta name='ocr-capabilities' content='ocr_page ocr_carea ocr_par ocr_line ocrx_word'/>
</head>
<body>
  <div class='ocr_page' id='page_1' title='image "./mfabiiquintilia22quingoog_0174.png"; bbox 0 0 2188 3757; ppageno 0'>
   <div class='ocr_carea' id='block_1_1' title="bbox 218 267 1912 1809">
    <p class='ocr_par' dir='ltr' id='par_1_1' title="bbox 343 267 1435 349">
     <span class='ocr_line' id='line_1_1' title="bbox 343 267 1435 349; baseline -0.005 -14"><span class='ocrx_word' id='word_1_1' title='bbox 343 267 468 349; x_wconf 68' lang='lat'><strong>164</strong></span> <span class='ocrx_word' id='word_1_2' title='bbox 711 268 894 335; x_wconf 74' lang='lat' dir='ltr'><strong>Lu.</strong></span> <span class='ocrx_word' id='word_1_3' title='bbox 957 268 1048 334; x_wconf 84' lang='lat' dir='ltr'><strong>X.</strong></span> <span class='ocrx_word' id='word_1_4' title='bbox 1118 268 1321 332; x_wconf 60' lang='lat' dir='ltr'><strong>Car.</strong></span> <span class='ocrx_word' id='word_1_5' title='bbox 1381 268 1435 331; x_wconf 91' lang='lat'><strong>1.</strong></span> 
     </span>
    </p>

    <p class='ocr_par' dir='ltr' id='par_1_2' title="bbox 218 344 1912 1719">
     <span class='ocr_line' id='line_1_2' title="bbox 425 344 1912 446; baseline -0.001 -21"><span class='ocrx_word' id='word_1_6' title='bbox 425 355 590 439; x_wconf 86' lang='lat' dir='ltr'>Sed,</span> <span class='ocrx_word' id='word_1_7' title='bbox 647 369 723 424; x_wconf 89' lang='lat' dir='ltr'><strong>ut</strong></span> <span class='ocrx_word' id='word_1_8' title='bbox 769 355 1112 446; x_wconf 85' lang='lat' dir='ltr'><strong>perveniri</strong></span> <span class='ocrx_word' id='word_1_9' title='bbox 1168 352 1253 423; x_wconf 85' lang='lat' dir='ltr'><strong>ad</strong></span> <span class='ocrx_word' id='word_1_10' title='bbox 1294 378 1551 421; x_wconf 86' lang='lat' dir='ltr'><strong>summa</strong></span> <span class='ocrx_word' id='word_1_11' title='bbox 1580 404 1601 435; x_wconf 83' lang='lat'>‚</span> <span class='ocrx_word' id='word_1_12' title='bbox 1644 344 1775 421; x_wconf 87' lang='lat' dir='ltr'><strong>nisi</strong></span> <span class='ocrx_word' id='word_1_13' title='bbox 1824 378 1912 423; x_wconf 83' lang='lat' dir='ltr'><strong>ex</strong></span> 
     </span>
     <span class='ocr_line' id='line_1_3' title="bbox 334 443 1911 541; baseline -0.001 -26"><span class='ocrx_word' id='word_1_14' title='bbox 334 445 695 541; x_wconf 73' lang='lat' dir='ltr'>principiis</span> <span class='ocrx_word' id='word_1_15' title='bbox 755 453 1178 538; x_wconf 81' lang='lat' dir='ltr'><strong>non&#39;potest</strong></span> <span class='ocrx_word' id='word_1_16' title='bbox 1234 470 1256 529; x_wconf 81' lang='lat'><em>3</em></span> <span class='ocrx_word' id='word_1_17' title='bbox 1318 444 1429 535; x_wconf 71' lang='lat' dir='ltr'><strong>ita</strong></span> <span class='ocrx_word' id='word_1_18' title='bbox 1492 443 1911 534; x_wconf 77' lang='lat' dir='ltr'>procedente</span> 
     </span>
     <span class='ocr_line' id='line_1_4' title="bbox 331 535 1909 629; baseline -0.003 -23"><span class='ocrx_word' id='word_1_19' title='bbox 331 542 466 629; x_wconf 80' lang='lat' dir='ltr'><strong>jam</strong></span> <span class='ocrx_word' id='word_1_20' title='bbox 495 563 696 629; x_wconf 87' lang='lat' dir='ltr'><strong>opere</strong></span> <span class='ocrx_word' id='word_1_21' title='bbox 725 588 744 622; x_wconf 88' lang='lat'>‚</span> <span class='ocrx_word' id='word_1_22' title='bbox 785 536 1082 607; x_wconf 78' lang='lat' dir='ltr'><strong>minima</strong></span> <span class='ocrx_word' id='word_1_23' title='bbox 1132 535 1477 626; x_wconf 85' lang='lat' dir='ltr'><strong>incipiunt</strong></span> <span class='ocrx_word' id='word_1_24' title='bbox 1519 560 1697 617; x_wconf 85' lang='lat' dir='ltr'><strong>esse,</strong></span> <span class='ocrx_word' id='word_1_25' title='bbox 1757 561 1909 625; x_wconf 82' lang='lat' dir='ltr'><strong>quae</strong></span> 
     </span>
     <span class='ocr_line' id='line_1_5' title="bbox 332 625 1910 734; baseline -0.001 -39"><span class='ocrx_word' id='word_1_26' title='bbox 332 630 550 734; x_wconf 78' lang='lat' dir='ltr'><strong>prima</strong></span> <span class='ocrx_word' id='word_1_27' title='bbox 586 641 767 698; x_wconf 89' lang='lat' dir='ltr'><strong>sunt.</strong></span> <span class='ocrx_word' id='word_1_28' title='bbox 789 636 1045 718; x_wconf 85' lang='lat' dir='ltr'><strong>Verum</strong></span> <span class='ocrx_word' id='word_1_29' title='bbox 1071 654 1197 697; x_wconf 89' lang='lat' dir='ltr'><strong>nos</strong></span> <span class='ocrx_word' id='word_1_30' title='bbox 1220 638 1371 695; x_wconf 74' lang='lat' dir='ltr'><strong>‘non</strong></span> <span class='ocrx_word' id='word_1_31' title='bbox 1391 679 1409 708; x_wconf 83' lang='grc'>,</span> <span class='ocrx_word' id='word_1_32' title='bbox 1436 626 1780 716; x_wconf 84' lang='lat' dir='ltr'><strong>quomodo</strong></span> <span class='ocrx_word' id='word_1_33' title='bbox 1814 625 1910 693; x_wconf 86' lang='lat' dir='ltr'><strong>sit</strong></span> 
     </span>
     <span class='ocr_line' id='line_1_6' title="bbox 332 716 1906 803; baseline -0.002 -15"><span class='ocrx_word' id='word_1_34' title='bbox 332 719 799 788; x_wconf 84' lang='lat' dir='ltr'><strong>lnstit&#39;uendus</strong></span> <span class='ocrx_word' id='word_1_35' title='bbox 857 718 1139 803; x_wconf 82' lang='lat' dir='ltr'><strong>orator,</strong></span> <span class='ocrx_word' id='word_1_36' title='bbox 1202 718 1335 786; x_wconf 88' lang='lat' dir='ltr'><strong>hoc</strong></span> <span class='ocrx_word' id='word_1_37' title='bbox 1403 717 1553 784; x_wconf 84' lang='lat' dir='ltr'><strong>loco</strong></span> <span class='ocrx_word' id='word_1_38' title='bbox 1610 716 1906 785; x_wconf 83' lang='lat' dir='ltr'><strong>dicimus</strong></span> 
     </span>
     <span class='ocr_line' id='line_1_7' title="bbox 335 806 1907 903; baseline 0 -24"><span class='ocrx_word' id='word_1_39' title='bbox 335 815 554 893; x_wconf 84' lang='lat' dir='ltr'><strong>(nam</strong></span> <span class='ocrx_word' id='word_1_40' title='bbox 617 810 686 879; x_wconf 88' lang='lat' dir='ltr'><strong>id</strong></span> <span class='ocrx_word' id='word_1_41' title='bbox 707 810 983 903; x_wconf 87' lang='lat' dir='ltr'><strong>quidem</strong></span> <span class='ocrx_word' id='word_1_42' title='bbox 1038 819 1155 878; x_wconf 73' lang='lat' dir='ltr'><strong>aut</strong></span> <span class='ocrx_word' id='word_1_43' title='bbox 1198 808 1391 890; x_wconf 82' lang='lat' dir='ltr'><strong>satis,</strong></span> <span class='ocrx_word' id='word_1_44' title='bbox 1443 819 1558 874; x_wconf 89' lang='lat' dir='ltr'><strong>aut</strong></span> <span class='ocrx_word' id='word_1_45' title='bbox 1594 820 1770 877; x_wconf 84' lang='lat' dir='ltr'><strong>certe</strong></span> <span class='ocrx_word' id='word_1_46' title='bbox 1799 806 1907 879; x_wconf 83' lang='lat' dir='ltr'><strong>uti</strong></span> 
     </span>
     <span class='ocr_line' id='line_1_8' title="bbox 329 897 1910 991; baseline -0.001 -23"><span class='ocrx_word' id='word_1_47' title='bbox 329 901 716 991; x_wconf 84' lang='lat' dir='ltr'><strong>potuimus,</strong></span> <span class='ocrx_word' id='word_1_48' title='bbox 753 906 792 969; x_wconf 75' lang='grc' dir='ltr'>ὲ</span> <span class='ocrx_word' id='word_1_49' title='bbox 849 900 1048 968; x_wconf 90' lang='lat' dir='ltr'><strong>nobis</strong></span> <span class='ocrx_word' id='word_1_50' title='bbox 1102 899 1359 968; x_wconf 79' lang='lat' dir='ltr'><strong>dietum</strong></span> <span class='ocrx_word' id='word_1_51' title='bbox 1394 900 1555 985; x_wconf 84' lang='lat' dir='ltr'><strong>est)</strong></span> <span class='ocrx_word' id='word_1_52' title='bbox 1590 926 1604 965; x_wconf 73' lang='grc' dir='ltr'><strong>ε</strong></span> <span class='ocrx_word' id='word_1_53' title='bbox 1640 903 1737 983; x_wconf 87' lang='lat'><strong>(1)</strong></span> <span class='ocrx_word' id='word_1_54' title='bbox 1784 897 1910 967; x_wconf 84' lang='lat' dir='ltr'><strong>sed</strong></span> 
     </span>
     <span class='ocr_line' id='line_1_9' title="bbox 330 988 1909 1083; baseline -0.001 -24"><span class='ocrx_word' id='word_1_55' title='bbox 330 1003 407 1059; x_wconf 86' lang='lat' dir='ltr'><strong>ut</strong></span> <span class='ocrx_word' id='word_1_56' title='bbox 450 991 810 1083; x_wconf 53' lang='lat' dir='ltr'><strong>athletdQ</strong></span> <span class='ocrx_word' id='word_1_57' title='bbox 856 990 972 1083; x_wconf 87' lang='lat' dir='ltr'><strong>qui</strong></span> <span class='ocrx_word' id='word_1_58' title='bbox 1007 990 1232 1059; x_wconf 89' lang='lat' dir='ltr'><strong>omnia</strong></span> <span class='ocrx_word' id='word_1_59' title='bbox 1284 994 1416 1077; x_wconf 85' lang='lat' dir='ltr'><strong>jam</strong></span> <span class='ocrx_word' id='word_1_60' title='bbox 1442 988 1909 1080; x_wconf 69' lang='lat' dir='ltr'><strong>perdidicerit</strong></span> 
     </span>
     <span class='ocr_line' id='line_1_10' title="bbox 329 1080 1907 1174; baseline -0.001 -23"><span class='ocrx_word' id='word_1_61' title='bbox 329 1108 366 1151; x_wconf 88' lang='lat' dir='ltr'><strong>a</strong></span> <span class='ocrx_word' id='word_1_62' title='bbox 403 1092 848 1174; x_wconf 70' lang='lat' dir='ltr'><strong>praeceptore,</strong></span> <span class='ocrx_word' id='word_1_63' title='bbox 891 1088 1036 1167; x_wconf 88' lang='lat'><strong>(2)</strong></span> <span class='ocrx_word' id='word_1_64' title='bbox 1096 1080 1419 1148; x_wconf 82' lang='lat' dir='ltr'><strong>nimirum</strong></span> <span class='ocrx_word' id='word_1_65' title='bbox 1478 1105 1612 1170; x_wconf 89' lang='lat' dir='ltr'><strong>quo</strong></span> <span class='ocrx_word' id='word_1_66' title='bbox 1654 1105 1907 1169; x_wconf 83' lang='lat' dir='ltr'><strong>genere</strong></span> 
     </span>
     <span class='ocr_line' id='line_1_11' title="bbox 327 1169 1906 1261; baseline -0.001 -19"><span class='ocrx_word' id='word_1_67' title='bbox 327 1173 832 1242; x_wconf 77' lang='lat' dir='ltr'><strong>exercitationis</strong></span> <span class='ocrx_word' id='word_1_68' title='bbox 881 1172 967 1241; x_wconf 90' lang='lat' dir='ltr'><strong>ad</strong></span> <span class='ocrx_word' id='word_1_69' title='bbox 1001 1172 1371 1240; x_wconf 86' lang='lat' dir='ltr'><strong>certamina</strong></span> <span class='ocrx_word' id='word_1_70' title='bbox 1406 1196 1554 1261; x_wconf 79' lang='lat' dir='ltr'><strong>.prae</strong></span> <span class='ocrx_word' id='word_1_71' title='bbox 1608 1169 1906 1241; x_wconf 83' lang='lat' dir='ltr'><strong>arandus</strong></span> 
     </span>
     <span class='ocr_line' id='line_1_12' title="bbox 328 1196 1904 1353; baseline -0.001 -21"><span class='ocrx_word' id='word_1_72' title='bbox 328 1264 456 1347; x_wconf 84' lang='lat' dir='ltr'><strong>sit3</strong></span> <span class='ocrx_word' id='word_1_73' title='bbox 491 1263 583 1331; x_wconf 87' lang='lat' dir='ltr'><strong>ita</strong></span> <span class='ocrx_word' id='word_1_74' title='bbox 606 1290 797 1346; x_wconf 82' lang='lat' dir='ltr'><strong>eum,</strong></span> <span class='ocrx_word' id='word_1_75' title='bbox 834 1264 1074 1353; x_wconf 78' lang='lat' dir='ltr'><strong>quires</strong></span> <span class='ocrx_word' id='word_1_76' title='bbox 1110 1261 1415 1347; x_wconf 72' lang='lat' dir='ltr'><strong>invenire</strong></span> <span class='ocrx_word' id='word_1_77' title='bbox 1437 1274 1503 1328; x_wconf 86' lang='lat' dir='ltr'><strong>et</strong></span> <span class='ocrx_word' id='word_1_78' title='bbox 1537 1196 1904 1352; x_wconf 77' lang='lat' dir='ltr'><strong>‹lisponere</strong></span> 
     </span>
     <span class='ocr_line' id='line_1_13' title="bbox 297 1350 1907 1445; baseline -0.002 -22"><span class='ocrx_word' id='word_1_79' title='bbox 297 1352 525 1437; x_wconf 71' lang='lat' dir='ltr'><strong>sciet,</strong></span> <span class='ocrx_word' id='word_1_80' title='bbox 575 1353 776 1422; x_wconf 77' lang='lat' dir='ltr'><strong>verba</strong></span> <span class='ocrx_word' id='word_1_81' title='bbox 812 1379 1080 1444; x_wconf 84' lang='lat' dir='ltr'><strong>quoque</strong></span> <span class='ocrx_word' id='word_1_82' title='bbox 1114 1366 1182 1420; x_wconf 84' lang='lat' dir='ltr'><strong>et</strong></span> <span class='ocrx_word' id='word_1_83' title='bbox 1236 1350 1534 1445; x_wconf 86' lang='lat' dir='ltr'><strong>eligendi</strong></span> <span class='ocrx_word' id='word_1_84' title='bbox 1573 1364 1639 1419; x_wconf 82' lang='lat' dir='ltr'><strong>et</strong></span> <span class='ocrx_word' id='word_1_85' title='bbox 1673 1352 1907 1439; x_wconf 89' lang='lat' dir='ltr'><strong>collo-</strong></span> 
     </span>
     <span class='ocr_line' id='line_1_14' title="bbox 218 1443 1903 1535; baseline -0.001 -22"><span class='ocrx_word' id='word_1_86' title='bbox 218 1516 228 1527; x_wconf 40' lang='lat'><strong>·</strong></span> <span class='ocrx_word' id='word_1_87' title='bbox 325 1443 526 1513; x_wconf 86' lang='lat' dir='ltr'><strong>candi</strong></span> <span class='ocrx_word' id='word_1_88' title='bbox 587 1444 924 1513; x_wconf 84' lang='lat' dir='ltr'><strong>rationem</strong></span> <span class='ocrx_word' id='word_1_89' title='bbox 968 1444 1382 1535; x_wconf 63' lang='lat' dir='ltr'><strong>perceperit,</strong></span> <span class='ocrx_word' id='word_1_90' title='bbox 1446 1443 1903 1529; x_wconf 89' lang='lat' dir='ltr'><strong>instruamus,</strong></span> 
     </span>
     <span class='ocr_line' id='line_1_15' title="bbox 322 1533 1905 1631; baseline 0.002 -29"><span class='ocrx_word' id='word_1_91' title='bbox 322 1550 454 1627; x_wconf 84' lang='lat' dir='ltr'><strong>qua</strong></span> <span class='ocrx_word' id='word_1_92' title='bbox 496 1535 801 1622; x_wconf 80' lang='lat' dir='ltr'><strong>ratione,</strong></span> <span class='ocrx_word' id='word_1_93' title='bbox 854 1560 997 1631; x_wconf 57' lang='lat' dir='ltr'><strong>quae</strong></span> <span class='ocrx_word' id='word_1_94' title='bbox 1033 1533 1395 1617; x_wconf 77' lang='lat' dir='ltr'><strong>didicerit,</strong></span> <span class='ocrx_word' id='word_1_95' title='bbox 1443 1534 1661 1603; x_wconf 82' lang='lat' dir='ltr'><strong>facere</strong></span> <span class='ocrx_word' id='word_1_96' title='bbox 1696 1560 1905 1627; x_wconf 86' lang='lat' dir='ltr'><strong>quam</strong></span> 
     </span>
     <span class='ocr_line' id='line_1_16' title="bbox 321 1624 1579 1719; baseline -0.002 -24"><span class='ocrx_word' id='word_1_97' title='bbox 321 1626 576 1719; x_wconf 86' lang='lat' dir='ltr'><strong>optime</strong></span> <span class='ocrx_word' id='word_1_98' title='bbox 611 1640 677 1695; x_wconf 89' lang='lat' dir='ltr'><strong>et</strong></span> <span class='ocrx_word' id='word_1_99' title='bbox 713 1652 914 1719; x_wconf 82' lang='lat' dir='ltr'><strong>quam</strong></span> <span class='ocrx_word' id='word_1_100' title='bbox 975 1624 1297 1695; x_wconf 80' lang='lat' dir='ltr'><strong>facillime</strong></span> <span class='ocrx_word' id='word_1_101' title='bbox 1345 1624 1579 1717; x_wconf 85' lang='lat' dir='ltr'><strong>possit.</strong></span> 
     </span>
    </p>

    <p class='ocr_par' dir='ltr' id='par_1_3' title="bbox 412 1713 1905 1809">
     <span class='ocr_line' id='line_1_17' title="bbox 412 1713 1905 1809; baseline 0 -24"><span class='ocrx_word' id='word_1_102' title='bbox 412 1724 570 1787; x_wconf 86' lang='lat' dir='ltr'><strong>Non</strong></span> <span class='ocrx_word' id='word_1_103' title='bbox 617 1742 778 1809; x_wconf 84' lang='lat' dir='ltr'><strong>ergo</strong></span> <span class='ocrx_word' id='word_1_104' title='bbox 836 1716 1121 1786; x_wconf 86' lang='lat' dir='ltr'><strong>dubium</strong></span> <span class='ocrx_word' id='word_1_105' title='bbox 1168 1728 1302 1799; x_wconf 85' lang='lat' dir='ltr'><strong>est,</strong></span> <span class='ocrx_word' id='word_1_106' title='bbox 1360 1714 1525 1806; x_wconf 77' lang='lat' dir='ltr'><strong>quin</strong></span> <span class='ocrx_word' id='word_1_107' title='bbox 1583 1713 1669 1783; x_wconf 88' lang='lat' dir='ltr'><strong>ei.</strong></span> <span class='ocrx_word' id='word_1_108' title='bbox 1709 1713 1905 1785; x_wconf 85' lang='lat' dir='ltr'><strong>velut</strong></span> 
     </span>
    </p>
   </div>
   <div class='ocr_carea' id='block_1_2' title="bbox 257 1897 1900 3238">
    <p class='ocr_par' dir='ltr' id='par_1_4' title="bbox 305 1897 1899 2085">
     <span class='ocr_line' id='line_1_18' title="bbox 319 1897 1899 1998; baseline 0 -30"><span class='ocrx_word' id='word_1_109' title='bbox 319 1923 368 1968; x_wconf 89' lang='lat' dir='ltr'>u</span> <span class='ocrx_word' id='word_1_110' title='bbox 422 1899 712 1992; x_wconf 86' lang='lat' dir='ltr'><strong>ieunque</strong></span> <span class='ocrx_word' id='word_1_111' title='bbox 797 1897 1208 1967; x_wconf 83' lang='lat' dir='ltr'><strong>esideratum</strong></span> <span class='ocrx_word' id='word_1_112' title='bbox 1250 1898 1426 1981; x_wconf 81' lang='lat' dir='ltr'><strong>erit,</strong></span> <span class='ocrx_word' id='word_1_113' title='bbox 1462 1898 1729 1990; x_wconf 80' lang='lat' dir='ltr'><strong>possit?</strong></span> <span class='ocrx_word' id='word_1_114' title='bbox 1778 1898 1899 1998; x_wconf 58' lang='lat' dir='ltr'><strong>Ea}</strong></span> 
     </span>
     <span class='ocr_line' id='line_1_19' title="bbox 305 1987 1710 2085; baseline -0.003 -25"><span class='ocrx_word' id='word_1_115' title='bbox 305 2001 637 2060; x_wconf 59' lang='lat' dir='ltr'><strong>constant</strong></span> <span class='ocrx_word' id='word_1_116' title='bbox 679 1989 874 2084; x_wconf 85' lang='lat' dir='ltr'><strong>copia</strong></span> <span class='ocrx_word' id='word_1_117' title='bbox 916 2011 1145 2056; x_wconf 87' lang='lat' dir='ltr'><strong>rerum</strong></span> <span class='ocrx_word' id='word_1_118' title='bbox 1186 2011 1266 2056; x_wconf 86' lang='lat' dir='ltr'><strong>ac</strong></span> <span class='ocrx_word' id='word_1_119' title='bbox 1324 1987 1710 2085; x_wconf 66' lang='lat' dir='ltr'><strong>verborum.</strong></span> 
     </span>
    </p>

    <p class='ocr_par' dir='ltr' id='par_1_5' title="bbox 257 2079 1900 3238">
     <span class='ocr_line' id='line_1_20' title="bbox 410 2079 1895 2175; baseline 0 -25"><span class='ocrx_word' id='word_1_120' title='bbox 410 2087 492 2150; x_wconf 90' lang='grc' dir='ltr'><strong>ΙΙ.</strong></span> <span class='ocrx_word' id='word_1_121' title='bbox 510 2081 640 2151; x_wconf 88' lang='lat' dir='ltr'><strong>Sed</strong></span> <span class='ocrx_word' id='word_1_122' title='bbox 673 2107 778 2151; x_wconf 90' lang='lat' dir='ltr'><strong>res</strong></span> <span class='ocrx_word' id='word_1_123' title='bbox 811 2079 1099 2174; x_wconf 88' lang='lat' dir='ltr'><strong>propriae</strong></span> <span class='ocrx_word' id='word_1_124' title='bbox 1128 2093 1286 2150; x_wconf 83' lang='lat' dir='ltr'><strong>sunt</strong></span> <span class='ocrx_word' id='word_1_125' title='bbox 1307 2083 1632 2175; x_wconf 80' lang='lat' dir='ltr'><strong>cujusque</strong></span> <span class='ocrx_word' id='word_1_126' title='bbox 1652 2104 1895 2166; x_wconf 82' lang='lat' dir='ltr'><strong>causoe,</strong></span> 
     </span>
     <span class='ocr_line' id='line_1_21' title="bbox 316 2171 1897 2264; baseline -0.001 -22"><span class='ocrx_word' id='word_1_127' title='bbox 316 2185 434 2242; x_wconf 85' lang='lat' dir='ltr'><strong>aut</strong></span> <span class='ocrx_word' id='word_1_128' title='bbox 456 2172 689 2264; x_wconf 84' lang='lat' dir='ltr'><strong>paucis</strong></span> <span class='ocrx_word' id='word_1_129' title='bbox 723 2196 1118 2243; x_wconf 85' lang='lat' dir='ltr'><strong>communes</strong></span> <span class='ocrx_word' id='word_1_130' title='bbox 1146 2199 1161 2240; x_wconf 74' lang='grc' dir='ltr'><strong>ε</strong></span> <span class='ocrx_word' id='word_1_131' title='bbox 1194 2173 1400 2242; x_wconf 84' lang='lat' dir='ltr'><strong>verba</strong></span> <span class='ocrx_word' id='word_1_132' title='bbox 1429 2173 1502 2243; x_wconf 86' lang='lat' dir='ltr'><strong>in</strong></span> <span class='ocrx_word' id='word_1_133' title='bbox 1543 2171 1897 2242; x_wconf 74' lang='lat' dir='ltr'><strong>universa‘s</strong></span> 
     </span>
     <span class='ocr_line' id='line_1_22' title="bbox 313 2263 1900 2356; baseline 0.001 -25"><span class='ocrx_word' id='word_1_134' title='bbox 313 2263 623 2355; x_wconf 83' lang='lat' dir='ltr'><strong>paranda</strong></span> <span class='ocrx_word' id='word_1_135' title='bbox 675 2288 874 2356; x_wconf 84' lang='lat' dir='ltr'><strong>:quae</strong></span> <span class='ocrx_word' id='word_1_136' title='bbox 929 2263 986 2331; x_wconf 90' lang='lat' dir='ltr'><strong>si</strong></span> <span class='ocrx_word' id='word_1_137' title='bbox 1046 2263 1252 2332; x_wconf 87' lang='lat' dir='ltr'><strong>rebus</strong></span> <span class='ocrx_word' id='word_1_138' title='bbox 1308 2263 1597 2355; x_wconf 83' lang='lat' dir='ltr'><strong>singulis</strong></span> <span class='ocrx_word' id='word_1_139' title='bbox 1669 2275 1900 2332; x_wconf 86' lang='lat' dir='ltr'><strong>essent</strong></span> 
     </span>
     <span class='ocr_line' id='line_1_23' title="bbox 313 2353 1893 2446; baseline 0.001 -26"><span class='ocrx_word' id='word_1_140' title='bbox 313 2353 586 2445; x_wconf 82' lang='lat' dir='ltr'><strong>singula</strong></span> <span class='ocrx_word' id='word_1_141' title='bbox 630 2406 648 2439; x_wconf 90' lang='lat'>‚</span> <span class='ocrx_word' id='word_1_142' title='bbox 717 2355 1051 2423; x_wconf 84' lang='lat' dir='ltr'><strong>minorem</strong></span> <span class='ocrx_word' id='word_1_143' title='bbox 1102 2377 1332 2422; x_wconf 85' lang='lat' dir='ltr'><strong>curam</strong></span> <span class='ocrx_word' id='word_1_144' title='bbox 1396 2353 1820 2446; x_wconf 83' lang='lat' dir='ltr'><strong>postularent</strong></span> <span class='ocrx_word' id='word_1_145' title='bbox 1866 2377 1893 2439; x_wconf 84' lang='lat'>3</span> 
     </span>
     <span class='ocr_line' id='line_1_24' title="bbox 311 2443 1893 2538; baseline 0.001 -26"><span class='ocrx_word' id='word_1_146' title='bbox 311 2469 473 2512; x_wconf 85' lang='lat' dir='ltr'><strong>nam</strong></span> <span class='ocrx_word' id='word_1_147' title='bbox 533 2455 778 2514; x_wconf 84' lang='lat' dir='ltr'><strong>cuncta</strong></span> <span class='ocrx_word' id='word_1_148' title='bbox 849 2469 992 2513; x_wconf 88' lang='lat' dir='ltr'><strong>sese</strong></span> <span class='ocrx_word' id='word_1_149' title='bbox 1079 2469 1235 2512; x_wconf 86' lang='lat' dir='ltr'><strong>eum</strong></span> <span class='ocrx_word' id='word_1_150' title='bbox 1328 2443 1491 2538; x_wconf 88' lang='lat' dir='ltr'><strong>ipsis</strong></span> <span class='ocrx_word' id='word_1_151' title='bbox 1575 2443 1893 2536; x_wconf 83' lang='lat' dir='ltr'><strong>protinus</strong></span> 
     </span>
     <span class='ocr_line' id='line_1_25' title="bbox 310 2533 1892 2614; baseline 0.001 -11"><span class='ocrx_word' id='word_1_152' title='bbox 310 2533 532 2604; x_wconf 73' lang='lat' dir='ltr'><strong>rebus.</strong></span> <span class='ocrx_word' id='word_1_153' title='bbox 580 2537 928 2614; x_wconf 82' lang='lat' dir='ltr'><strong>offerrent.</strong></span> <span class='ocrx_word' id='word_1_154' title='bbox 973 2535 1109 2604; x_wconf 84' lang='lat' dir='ltr'><strong>Sed</strong></span> <span class='ocrx_word' id='word_1_155' title='bbox 1157 2561 1308 2604; x_wconf 89' lang='lat' dir='ltr'><strong>cum</strong></span> <span class='ocrx_word' id='word_1_156' title='bbox 1360 2535 1496 2606; x_wconf 87' lang='lat' dir='ltr'><strong>sint</strong></span> <span class='ocrx_word' id='word_1_157' title='bbox 1546 2535 1698 2613; x_wconf 83' lang='lat' dir='ltr'><strong>aliis</strong></span> <span class='ocrx_word' id='word_1_158' title='bbox 1752 2536 1892 2605; x_wconf 84' lang='lat' dir='ltr'><strong>alia</strong></span> 
     </span>
     <span class='ocr_line' id='line_1_26' title="bbox 310 2627 1888 2720; baseline 0.001 -26"><span class='ocrx_word' id='word_1_159' title='bbox 310 2637 431 2695; x_wconf 85' lang='lat' dir='ltr'><strong>aut.</strong></span> <span class='ocrx_word' id='word_1_160' title='bbox 478 2628 690 2720; x_wconf 84' lang='lat' dir='ltr'><strong>magis</strong></span> <span class='ocrx_word' id='word_1_161' title='bbox 769 2628 1080 2720; x_wconf 85' lang='lat' dir='ltr'><strong>propria,</strong></span> <span class='ocrx_word' id='word_1_162' title='bbox 1144 2627 1541 2719; x_wconf 80' lang='lat' dir='ltr'><strong>aut&#39;magis</strong></span> <span class='ocrx_word' id='word_1_163' title='bbox 1605 2640 1888 2714; x_wconf 81' lang='lat' dir='ltr'><strong>ornata,</strong></span> 
     </span>
     <span class='ocr_line' id='line_1_27' title="bbox 309 2713 1889 2807; baseline 0.001 -23"><span class='ocrx_word' id='word_1_164' title='bbox 309 2728 430 2784; x_wconf 82' lang='lat' dir='ltr'><strong>aut</strong></span> <span class='ocrx_word' id='word_1_165' title='bbox 467 2713 618 2807; x_wconf 87' lang='lat' dir='ltr'><strong>plus</strong></span> <span class='ocrx_word' id='word_1_166' title='bbox 663 2717 1024 2788; x_wconf 86' lang='lat' dir='ltr'><strong>efficientia</strong></span> <span class='ocrx_word' id='word_1_167' title='bbox 1048 2773 1067 2804; x_wconf 87' lang='lat'>‚</span> <span class='ocrx_word' id='word_1_168' title='bbox 1096 2733 1213 2787; x_wconf 87' lang='lat' dir='ltr'><strong>aut</strong></span> <span class='ocrx_word' id='word_1_169' title='bbox 1248 2718 1490 2788; x_wconf 88' lang='lat' dir='ltr'><strong>melius</strong></span> <span class='ocrx_word' id='word_1_170' title='bbox 1531 2717 1889 2804; x_wconf 82' lang='lat' dir='ltr'><strong>sonantia,</strong></span> 
     </span>
     <span class='ocr_line' id='line_1_28' title="bbox 307 2805 1886 2893; baseline 0.004 -20"><span class='ocrx_word' id='word_1_171' title='bbox 307 2805 562 2876; x_wconf 82' lang='lat' dir='ltr'><strong>debent</strong></span> <span class='ocrx_word' id='word_1_172' title='bbox 594 2833 734 2878; x_wconf 87' lang='lat' dir='ltr'><strong>esse</strong></span> <span class='ocrx_word' id='word_1_173' title='bbox 763 2835 904 2878; x_wconf 90' lang='lat' dir='ltr'><strong>non</strong></span> <span class='ocrx_word' id='word_1_174' title='bbox 955 2809 1177 2878; x_wconf 85' lang='lat' dir='ltr'><strong>solum</strong></span> <span class='ocrx_word' id='word_1_175' title='bbox 1232 2822 1393 2880; x_wconf 77' lang='lat' dir='ltr'><strong>nota</strong></span> <span class='ocrx_word' id='word_1_176' title='bbox 1420 2809 1651 2878; x_wconf 86' lang='lat' dir='ltr'><strong>omnia</strong></span> <span class='ocrx_word' id='word_1_177' title='bbox 1676 2862 1694 2893; x_wconf 84' lang='lat'><strong>‚</strong></span> <span class='ocrx_word' id='word_1_178' title='bbox 1728 2807 1886 2879; x_wconf 80' lang='lat' dir='ltr'><strong>’sed</strong></span> 
     </span>
     <span class='ocr_line' id='line_1_29' title="bbox 306 2897 1885 2994; baseline 0.004 -31"><span class='ocrx_word' id='word_1_179' title='bbox 306 2897 382 2964; x_wconf 86' lang='lat' dir='ltr'><strong>in</strong></span> <span class='ocrx_word' id='word_1_180' title='bbox 450 2910 807 2989; x_wconf 83' lang='lat' dir='ltr'><strong>promptu,</strong></span> <span class='ocrx_word' id='word_1_181' title='bbox 863 2907 1137 2994; x_wconf 88' lang='lat' dir='ltr'><strong>atque(</strong></span> <span class='ocrx_word' id='word_1_182' title='bbox 1189 2913 1264 2968; x_wconf 82' lang='lat' dir='ltr'><strong>ut</strong></span> <span class='ocrx_word' id='word_1_183' title='bbox 1320 2901 1413 2970; x_wconf 85' lang='lat' dir='ltr'><strong>ita</strong></span> <span class='ocrx_word' id='word_1_184' title='bbox 1474 2899 1747 2984; x_wconf 68' lang='lat' dir='ltr'><strong>dicam)</strong></span> <span class='ocrx_word' id='word_1_185' title='bbox 1809 2899 1885 2970; x_wconf 80' lang='lat' dir='ltr'><strong>in</strong></span> 
     </span>
     <span class='ocr_line' id='line_1_30' title="bbox 257 2989 1885 3080; baseline 0.001 -20"><span class='ocrx_word' id='word_1_186' title='bbox 257 3001 724 3078; x_wconf 77' lang='lat' dir='ltr'><strong>,conspectu3</strong></span> <span class='ocrx_word' id='word_1_187' title='bbox 769 3000 882 3073; x_wconf 84' lang='lat' dir='ltr'><strong>ut,</strong></span> <span class='ocrx_word' id='word_1_188' title='bbox 941 3015 1094 3058; x_wconf 87' lang='lat' dir='ltr'><strong>cnm</strong></span> <span class='ocrx_word' id='word_1_189' title='bbox 1152 3017 1220 3059; x_wconf 87' lang='lat' dir='ltr'><strong>se</strong></span> <span class='ocrx_word' id='word_1_190' title='bbox 1278 2989 1538 3080; x_wconf 68' lang='lat' dir='ltr'><strong>judicio</strong></span> <span class='ocrx_word' id='word_1_191' title='bbox 1588 2992 1885 3066; x_wconf 83' lang='lat' dir='ltr'><strong>dicentis</strong></span> 
     </span>
     <span class='ocr_line' id='line_1_31' title="bbox 304 3076 1885 3236; baseline 0.006 -92"><span class='ocrx_word' id='word_1_192' title='bbox 304 3076 772 3236; x_wconf 71' lang='lat' dir='ltr'><strong>olstenderint,</strong></span> <span class='ocrx_word' id='word_1_193' title='bbox 810 3078 1031 3150; x_wconf 83' lang='lat' dir='ltr'><strong>facilis</strong></span> <span class='ocrx_word' id='word_1_194' title='bbox 1065 3105 1144 3150; x_wconf 85' lang='lat' dir='ltr'><strong>ex</strong></span> <span class='ocrx_word' id='word_1_195' title='bbox 1176 3079 1281 3150; x_wconf 88' lang='lat' dir='ltr'><strong>his</strong></span> <span class='ocrx_word' id='word_1_196' title='bbox 1328 3081 1747 3174; x_wconf 87' lang='lat' dir='ltr'><strong>optimorum</strong></span> <span class='ocrx_word' id='word_1_197' title='bbox 1790 3083 1885 3154; x_wconf 84' lang='lat' dir='ltr'><strong>sit</strong></span> 
     </span>
     <span class='ocr_line' id='line_1_32' title="bbox 302 3181 812 3238; baseline 0.008 -4"><span class='ocrx_word' id='word_1_198' title='bbox 302 3191 339 3234; x_wconf 85' lang='lat' dir='ltr'><strong>e</strong></span> <span class='ocrx_word' id='word_1_199' title='bbox 373 3181 574 3238; x_wconf 68' lang='lat' dir='ltr'><strong>ectio.</strong></span> <span class='ocrx_word' id='word_1_200' title='bbox 809 3197 812 3200; x_wconf 50' lang='lat'><strong>⁴</strong></span> 
     </span>
    </p>
   </div>
   <div class='ocr_carea' id='block_1_3' title="bbox 366 3291 1712 3434">
    <p class='ocr_par' dir='ltr' id='par_1_6' title="bbox 366 3291 1712 3434">
     <span class='ocr_line' id='line_1_33' title="bbox 366 3291 949 3357; baseline 0.01 -20"><span class='ocrx_word' id='word_1_201' title='bbox 366 3291 452 3357; x_wconf 74' lang='grc' dir='ltr'><strong>(ι)</strong></span> <span class='ocrx_word' id='word_1_202' title='bbox 475 3291 605 3344; x_wconf 86' lang='lat' dir='ltr'><strong>Vide</strong></span> <span class='ocrx_word' id='word_1_203' title='bbox 629 3295 718 3344; x_wconf 87' lang='lat' dir='ltr'><strong>lib.</strong></span> <span class='ocrx_word' id='word_1_204' title='bbox 753 3313 797 3345; x_wconf 82' lang='grc' dir='ltr'><strong>ι.</strong></span> <span class='ocrx_word' id='word_1_205' title='bbox 825 3307 872 3344; x_wconf 78' lang='lat' dir='ltr'><strong>et</strong></span> <span class='ocrx_word' id='word_1_206' title='bbox 899 3312 949 3344; x_wconf 67' lang='grc' dir='ltr'><strong>α.</strong></span> 
     </span>
     <span class='ocr_line' id='line_1_34' title="bbox 366 3355 1712 3434; baseline 0.007 -28"><span class='ocrx_word' id='word_1_207' title='bbox 366 3355 394 3420; x_wconf 88' lang='grc'>(</span> <span class='ocrx_word' id='word_1_208' title='bbox 406 3359 474 3424; x_wconf 79' lang='lat'><strong>2)</strong></span> <span class='ocrx_word' id='word_1_209' title='bbox 501 3360 675 3410; x_wconf 76' lang='lat' dir='ltr'><strong>Unum</strong></span> <span class='ocrx_word' id='word_1_210' title='bbox 695 3360 796 3416; x_wconf 84' lang='lat' dir='ltr'><strong>hoe</strong></span> <span class='ocrx_word' id='word_1_211' title='bbox 813 3363 987 3416; x_wconf 80' lang='lat' dir='ltr'><strong>docere</strong></span> <span class='ocrx_word' id='word_1_212' title='bbox 1012 3363 1273 3416; x_wconf 73' lang='lat' dir='ltr'><strong>debeamus</strong></span> <span class='ocrx_word' id='word_1_213' title='bbox 1288 3401 1304 3428; x_wconf 86' lang='lat'>,</span> <span class='ocrx_word' id='word_1_214' title='bbox 1324 3361 1564 3434; x_wconf 52' lang='lat' dir='ltr'><strong>nimirem</strong></span> <span class='ocrx_word' id='word_1_215' title='bbox 1583 3399 1599 3429; x_wconf 91' lang='lat'>‚</span> <span class='ocrx_word' id='word_1_216' title='bbox 1616 3373 1712 3415; x_wconf 77' lang='lat' dir='ltr'><strong>ete.</strong></span> 
     </span>
    </p>
   </div>
   <div class='ocr_carea' id='block_1_4' title="bbox 322 1804 1961 1966">
    <p class='ocr_par' dir='ltr' id='par_1_7' title="bbox 322 1804 1961 1966">
     <span class='ocr_line' id='line_1_35' title="bbox 322 1804 1961 1966; baseline -0.001 -90"><span class='ocrx_word' id='word_1_217' title='bbox 322 1834 485 1966; x_wconf 54' lang='lat' dir='ltr'><strong>eges</strong></span> <span class='ocrx_word' id='word_1_218' title='bbox 541 1806 680 1875; x_wconf 87' lang='lat' dir='ltr'><strong>sint</strong></span> <span class='ocrx_word' id='word_1_219' title='bbox 731 1808 1036 1966; x_wconf 60' lang='lat' dir='ltr'><strong>(iluaedam</strong></span> <span class='ocrx_word' id='word_1_220' title='bbox 1088 1806 1429 1898; x_wconf 82' lang='lat' dir='ltr'><strong>parandae‚</strong></span> <span class='ocrx_word' id='word_1_221' title='bbox 1467 1804 1715 1898; x_wconf 90' lang='lat' dir='ltr'><strong>quibus</strong></span> <span class='ocrx_word' id='word_1_222' title='bbox 1768 1806 1899 1892; x_wconf 78' lang='lat' dir='ltr'><strong>uti,</strong></span> <span class='ocrx_word' id='word_1_223' title='bbox 1954 1881 1961 1887; x_wconf 57' lang='grc'><strong>,</strong></span> 
     </span>
    </p>
   </div>
   <div class='ocr_carea' id='block_1_5' title="bbox 2165 1766 2188 1959">
    <p class='ocr_par' dir='ltr' id='par_1_8' title="bbox 2165 1766 2188 1959">
     <span class='ocr_line' id='line_1_36' title="bbox 2165 1766 2188 1959; textangle 90"><span class='ocrx_word' id='word_1_224' title='bbox 2165 1766 2188 1959; x_wconf 48' lang='lat' dir='ltr'>“OQ—-</span> 
     </span>
    </p>
   </div>
  </div>
 </body>
</html>
