2188 3757
449 191 496 224 a
631 146 760 212 Dn
824 166 1040 213 Aru
1102 168 1508 214 monmo-
1742 147 1875 218 253

291 229 770 319 Hifficulta'tis,
792 232 1255 322 adjiciendum
1286 235 1595 320 videtur,
1624 235 1881 328 quibus

300 323 528 395 modis
563 349 640 394 ea
670 377 690 410 ‚
719 351 864 418 quae
889 339 1048 394 sunt
1074 338 1321 395 natura
1346 351 1587 418 parum
1616 328 1877 418 specio-

233 467 256 484 ,
301 441 413 501 sa,
447 441 728 508 quaeque
761 436 901 484 non
935 415 1162 486 dicere
1184 469 1203 500 ‚
1246 416 1303 485 si
1339 417 1739 488 utrumlibet
1772 444 1879 488 es·-

301 519 407 576 set
461 505 806 590 liberum,
871 506 1389 596 maluissemus,
1450 534 1593 578 non
1643 521 1876 580 tamen

299 597 442 667 sint
468 596 790 668 indecora
821 596 1233 668 dicentibus.
1255 596 1445 688 Quid
1463 599 1877 689 asperiorem

296 687 556 760 habere
607 690 902 760 frontem
959 700 1221 782 potest,
1288 702 1409 758 aut
1454 687 1621 782 quid
1675 715 1879 761 aures

295 778 660 850 homin-um
733 780 950 872 magis
1023 792 1351 872 respuunt
1375 832 1395 865 ‚
1460 805 1663 873 quam
1719 806 1875 852 eum

301 882 407 941 est
465 870 612 940 filio
677 869 890 941 filiive
933 922 956 956 ‚
1038 871 1387 942 advocatis
1456 871 1537 940 in·
1593 883 1889 946 matrem

151 981 156 984 ·
269 961 760 1054 perorandum
805 971 834 1033 ἐ’
895 960 985 1032 ali
1039 960 1266 1032 uando
1322 974 1551 1034 tamen
1598 987 1875 1034 necesse

299 1065 443 1137 est,
480 1066 557 1122 ut
589 1053 664 1123 in
712 1078 914 1124 causa
947 1057 1000 1122 C
1033 1053 1249 1124 uentii
1280 1053 1469 1123 Aviti
1504 1079 1521 1122 ε
1572 1051 1689 1122 sed
1730 1079 1873 1125 non

233 1207 238 1212 .
297 1167 568 1236 semper
592 1143 708 1214 illa
733 1143 876 1228 via,
897 1169 1032 1235 qua
1057 1155 1295 1235 contra
1320 1143 1608 1212 Sassiam
1632 1143 1878 1219 cicero

296 1258 465 1304 usus
493 1247 640 1305 estz
679 1258 818 1304 non
853 1233 1019 1328 quia
1078 1259 1217 1304 non
1252 1233 1367 1304 ille
1408 1235 1663 1326 optime
1694 1288 1713 1320 ‚
1752 1235 1873 1311 sed

297 1325 466 1418 quie
495 1325 864 1418 plurimum
906 1325 1145 1408 refert,-
1180 1351 1313 1418 qua
1366 1325 1441 1394 in
1489 1351 1559 1394 re
1595 1339 1664 1396 et
1700 1353 1872 1420 quo—

297 1415 508 1486 modo
545 1417 764 1486 laedat.
814 1424 1048 1509 Itaque
1099 1415 1260 1502 illa,
1303 1441 1456 1487 cum
1505 1415 1633 1486 filii
1665 1430 1875 1510 caput

293 1506 522 1670 falam
587 1506 1018 1600 impugnaret
1058 1558 1079 1591 ‚
1138 1507 1410 1578 fortiter
1462 1507 1595 1578 suit
1654 1509 1874 1602 repel-

323 1624 409 1670 en
463 1625 524 1669 a.

385 1695 558 1762 Duo-
579 1703 842 1776 tamen,
873 1711 1019 1782 quae
1052 1687 1196 1758 sola
1230 1702 1629 1781 supererant
1648 1741 1667 1772 ‚
1697 1689 1868 1760 divi-

283 1807 384 1852 .ne
399 1782 640 1854 Cicero
679 1783 991 1854 serva-vit.
1011 1787 1113 1866 (1)
1134 1779 1549 1867 P1·imum‚ne
1582 1779 1875 1852 oblivis-

295 1887 566 1947 ceretur
588 1874 1013 1959 reverentiae3
1061 1898 1207 1967 quae
1238 1872 1677 1980 parentibus,
1732 1871 1868 1945 de-

293 1964 554 2057 betur-3
593 1964 842 2039 deinde
878 1978 992 2051 ut,
1041 1966 1352 2057 repetitis
1377 1965 1583 2037 altius
1614 1966 1872 2049 causis,

294 2056 822 2151 diligentissime
842 2055 1233 2126 ostenderet
1251 2109 1270 2141 ‚
1303 2083 1504 2149 quam
1539 2056 1611 2126 id
1638 2108 1659 2142 ‚
1684 2055 1871 2150 quod

292 2162 444 2219 >erat
497 2150 570 2218 in
601 2154 892 2219 matrem*
917 2146 1229 2217 dicturus
1266 2199 1289 2232 ‚
1328 2172 1467 2216 non
1518 2160 1867 2239 oporteret
1964 2232 1972 2237 =

293 2238 502 2311 modo
527 2238 676 2309 fieri
697 2292 720 2326 .,
747 2236 868 2309 sed
895 2238 1102 2309 etiam
1134 2264 1405 2309 necesse
1452 2250 1646 2309 esset.
1702 2238 1867 2307 Pri-

293 2357 538 2425 maque
548 2328 690 2401 haec
700 2329 1030 2424 ‚expositio
1043 2330 1197 2412 fuit,
1210 2355 1596 2423 quanquam
1610 2326 1693 2399 ad
1706 2355 1871 2423 prae-

295 2437 556 2494 sentem
575 2422 1016 2515 quaestionem
1037 2420 1216 2491 nihil
1241 2422 1625 2513 pertinebat
1654 2446 1673 2488 ε
1692 2422 1866 2493 adeo

293 2515 368 2585 in
389 2539 596 2587 causa
621 2512 896 2585 difficili.
914 2526 1116 2605 atque
1143 2512 1459 2605 perplexa
1478 2510 1653 2581 nihil
1681 2512 1872 2603 prius

295 2606 711 2677 intuendum
739 2603 1078 2687 credidit,
1114 2628 1313 2695 quam
1350 2602 1518 2697 quid
1558 2600 1869 2671 deceret.

291 2698 488 2767 Fecit
517 2697 744 2789 itaque
779 2720 1030 2765 nomen
1059 2695 1361 2800 parentis
1388 2720 1529 2765 non
1559 2693 1704 2764 filio
1748 2693 1870 2763 in·-

221 2868 226 2872 Ᾰ
295 2788 674 2873 vidie-sum,
707 2786 828 2857 sed
861 2788 1037 2879 ipsi,
1066 2812 1139 2855 m
1158 2812 1365 2878 quam·
1397 2785 1776 2859 dicebatur.

231 2889 238 2913 ²
271 2948 280 2959 ,
338 2887 619 2973 fflPotest
653 2890 884 2949 tamen
912 2876 1283 2971 aliquando
1320 2892 1535 2949 mater
1580 2892 1647 2949 et
1688 2879 1759 2947 in
1795 2903 1871 2957 rs.-

293 2971 552 3043 leviore
612 2984 731 3046 aut
789 2971 1016 3039 minus
1056 2968 1303 3041 infesta
1346 2985 1583 3044 contra
1644 2968 1869 3038 filium

275 3076 473 3155 ‚stare
509 3090 525 3132 ε
563 3075 710 3143 tum
745 3060 970 3130 lenior
1017 3075 1219 3157 atque
1252 3060 1674 3132 summissior
1735 3058 1870 3129 de·-

273 3155 490 3247 ‚cebit
536 3154 784 3225 oratio.
815 3160 990 3224 Nam
1055 3166 1125 3222 et
1166 3149 1686 3239 satisfaciendo,
1750 3162 1871 3221 aut

361 3280 442 3346 (1)
466 3282 566 3333 Pro
588 3276 844 3357 Cluentio,
876 3289 956 3331 ιι.
977 3302 1042 3315 --
1064 3276 1148 3335 18,
