2188 3757
374 242 499 316 194
779 231 954 296 Lrn.
1030 229 1122 296 X.
1172 231 1363 298 Car.
1428 233 1479 298 1.

363 321 437 390 in
495 333 781 388 numero
829 331 1138 390 veterum
1188 319 1415 390 locare
1454 343 1595 390 non
1649 319 1940 390 timeas:

361 411 478 480 hic
511 410 956 493 concitatior,
999 409 1119 479 sed
1148 411 1218 479 in
1252 435 1414 481 cura
1450 410 1815 480 verborum
1841 412 1943 480 ni-

365 500 582 585 mius,
613 513 684 571 et
725 505 1194 592 compositione
1230 521 1727 594 nonnunquam
1776 503 1945 572 lon-

367 595 520 687 gior
543 646 562 677 ‚
595 605 664 661 et
693 591 1243 664 translationibus
1268 618 1506 685 parurn
1541 591 1871 662 modicus.

430 691 648 756 Erant
661 683 844 754 clara
861 696 928 754 et
943 709 1163 776 nuper
1181 683 1481 776 ingenia.
1499 690 1671 754 Nam
1684 697 1752 754 et
1766 691 1938 758 Tra-

321 785 324 788 ’
359 775 596 847 chalus
616 773 1015 868 plerumque
1044 774 1461 860 sublimis-‚et
1482 775 1645 846 satis
1664 787 1945 870 apertus

363 867 492 938 fuit
514 921 533 952 ‚
560 881 628 938 et
661 891 864 959 quem
890 865 1062 937 velte
1083 865 1344 960 optima
1373 865 1713 936 crederes:
1752 866 1947 936 audi·
2032 923 2037 931 .

359 972 472 1030 tus
489 971 714 1028 tamen
743 961 979 1044 major.
997 964 1173 1028 Nam
1192 969 1263 1028 et
1280 957 1467 1030 vocis
1480 1009 1501 1040 ‚
1522 972 1847 1050 quantam
1866 958 1941 1028 in

363 1051 560 1122 nullo
575 1048 891 1142 cognovi,
911 1047 1311 1134 felicitae-‚fet
1330 1048 1805 1142 pronuntiatio
1830 1041 1945 1120 vel

364 1141 586 1214 scenis
616 1142 1026 1228 suffectura,
1058 1153 1129 1210 et
1152 1140 1361 1214 decor
1395 1167 1413 1209 z
1458 1141 1691 1210 omnia
1728 1139 1945 1212 deni-

367 1259 499 1328 que
533 1233 595 1302 ei
623 1285 642 1316 ‚
675 1258 822 1324 quae
849 1244 1009 1302 sunt
1041 1244 1229 1302 extra
1252 1285 1272 1316 ‚
1308 1231 1814 1324 superfuerunt.
1852 1237 1947 1302 Et

361 1324 610 1394 Vibius
630 1323 908 1416 Crispus
930 1375 948 1405 ‚
981 1322 1437 1416 compositus,
1474 1335 1542 1392 et
1566 1321 1942 1412 jucundus,

365 1428 433 1486 et
470 1412 909 1484 delectationi
949 1425 1195 1484 natus:
1271 1412 1505 1483 rivatis
1528 1426 1754 1483 tamen
1786 1439 1949 1484 cau-

360 1513 454 1578 sis
473 1557 494 1592 ‚
525 1530 730 1599 quam
760 1503 1086 1598 pumicis,
1114 1531 1219 1576 me
1252 1505 1377 1576 ior.
1406 1503 1601 1576 Julio
1625 1504 1945 1576 Secundo

365 1600 422 1670 si
473 1597 747 1690 longior
787 1595 1185 1688 contigisset
1238 1609 1441 1682 oetas,
1490 1595 1945 1669 clarissimum

363 1689 673 1786 profecto
707 1713 958 1758 nomen
979 1688 1271 1774 oratoris
1298 1686 1483 1781 apud
1506 1700 1813 1780 posteros
1846 1688 1946 1757 fo-

361 1795 490 1868 ret.
549 1779 927 1868 Adiecisset
973 1779 1195 1866 enim,
1286 1793 1490 1872 atque
1571 1777 1947 1867 adjiciebat

361 1870 620 1944 caeteris
674 1869 1044 1940 virtutibus
1097 1869 1274 1956 suis,
1326 1869 1513 1963 quod
1564 1869 1941 1941 desiderari

309 2034 332 2043 ,
358 1975 607 2059 potest.
639 1962 718 2031 ld
745 1974 845 2031 est
881 1972 1109 2030 autem
1136 2014 1155 2045 ‚
1184 1974 1259 2030 ut
1304 1974 1479 2031 esset
1528 1960 1745 2031 multo
1782 1988 1942 2031 ma-

358 2057 464 2151 gis
495 2079 764 2148 pugnax
789 2105 808 2137 ‚
837 2066 904 2122 et
936 2054 1179 2145 saepius
1208 2052 1294 2123 ad
1326 2078 1560 2123 curam
1586 2078 1815 2123 rerum
1852 2052 1943 2123 ab

355 2148 720 2221 elocutione
765 2145 1154 2237 respiceret.
1210 2150 1543 2215 Caeterum
1599 2144 1945 2237 intercep-

355 2254 471 2311 tus
505 2262 777 2331 quoque
808 2260 1130 2340 magnum
1181 2235 1311 2305 sibi
1346 2234 1654 2307 vindicat
1686 2237 1937 2307 locum.

358 2337 461 2403 Ea
517 2341 618 2399 est
673 2326 994 2398 facundia
1029 2352 1044 2393 ε
1106 2339 1295 2395 tanta
1362 2324 1435 2395 in
1493 2326 1940 2419 explicand0‚

359 2422 548 2521 quod
570 2418 766 2501 velit,
803 2418 1022 2511 gratia
1056 2445 1072 2486 ε
1108 2430 1243 2489 tam
1277 2416 1647 2487 candidum
1682 2432 1751 2489 et
1782 2418 1941 2489 lene

359 2530 427 2587 et
464 2512 843 2607 speciosum
876 2508 1155 2580 dicendi
1204 2535 1419 2601 genus
1456 2535 1471 2577 ε
1522 2510 1711 2578 tanta
1772 2535 1943 2581 ver-

353 2609 601 2679 borum
629 2658 645 2685 ,
675 2603 879 2673 etiam
903 2628 1052 2695 quae
1113 2613 1456 2693 assumpta
1507 2614 1707 2682 sunt,
1762 2627 1942 2692 pro-

356 2700 656 2793 prietas:
695 2706 886 2763 tanta
933 2696 1004 2763 in
1041 2692 1451 2785 quibusdam
1490 2718 1572 2761 ex
1626 2692 1941 2784 periculo

355 2788 590 2885 petitis
629 2784 1111 2875 significantia.

448 2876 826 2947 Habebunt
857 2876 975 2967 qui
1034 2886 1185 2967 post
1237 2901 1362 2944 nos
1394 2872 1477 2943 de
1546 2872 1941 2945 oratoribus

359 2970 699 3051 scribent,
740 2991 1049 3056 magnam
1108 2991 1264 3047 eos,
1312 2965 1427 3057 qui
1475 2990 1661 3035 nunc
1700 2964 1942 3057 vigent

359 3060 715 3135 materiam
751 3082 905 3125 vere
938 3055 1291 3125 laudandi.
1314 3062 1489 3125 Sunt
1522 3055 1705 3125 enim
1738 3082 1941 3128 sum-

353 3182 464 3243 ma
503 3150 710 3223 hodie
737 3199 755 3231 ,
803 3147 1049 3239 quibus
1093 3147 1475 3217 illustratur
1502 3148 1726 3218 forum
1757 3200 1775 3233 ,
1813 3148 1940 3220 in-

353 3246 576 3339 genia.
613 3250 916 3333 Namque
943 3252 1010 3307 et
1043 3239 1497 3310 consummati
1537 3244 1671 3329 jam
1710 3252 1937 3331 patro-

355 3339 429 3409 ni
461 3332 800 3411 veteribus
840 3331 1283 3415 aemulantur,
1334 3343 1403 3401 et
1446 3356 1561 3403 eos
1600 3336 1965 3424 juvenum*
