<?xml version="1.0" encoding="UTF-8"?>
<!DOCTYPE html PUBLIC "-//W3C//DTD XHTML 1.0 Transitional//EN"
    "http://www.w3.org/TR/xhtml1/DTD/xhtml1-transitional.dtd">
<html xmlns="http://www.w3.org/1999/xhtml" xml:lang="en" lang="en">
 <head>
  <title>
</title>
<meta http-equiv="Content-Type" content="text/html;charset=utf-8" />
  <meta name='ocr-system' content='tesseract 3.04.00' />
  <meta name='ocr-capabilities' content='ocr_page ocr_carea ocr_par ocr_line ocrx_word'/>
</head>
<body>
  <div class='ocr_page' id='page_1' title='image "./mfabiiquintilia22quingoog_0194.png"; bbox 0 0 2188 3757; ppageno 0'>
   <div class='ocr_carea' id='block_1_1' title="bbox 288 175 2052 3379">
    <p class='ocr_par' dir='ltr' id='par_1_1' title="bbox 305 175 1532 264">
     <span class='ocr_line' id='line_1_1' title="bbox 305 175 1532 264; baseline -0.003 -14"><span class='ocrx_word' id='word_1_1' title='bbox 305 255 313 261; x_wconf 67' lang='grc'><strong>,</strong></span> <span class='ocrx_word' id='word_1_2' title='bbox 396 185 563 264; x_wconf 70' lang='grc'><strong>184·</strong></span> <span class='ocrx_word' id='word_1_3' title='bbox 720 243 725 252; x_wconf 88' lang='grc'><em>,</em></span> <span class='ocrx_word' id='word_1_4' title='bbox 784 177 986 248; x_wconf 65' lang='lat'>1212.</span> <span class='ocrx_word' id='word_1_5' title='bbox 1027 179 1119 248; x_wconf 83' lang='lat' dir='ltr'><strong>X.</strong></span> <span class='ocrx_word' id='word_1_6' title='bbox 1173 177 1357 247; x_wconf 69' lang='lat' dir='ltr'><strong>Cn.</strong></span> <span class='ocrx_word' id='word_1_7' title='bbox 1415 175 1467 246; x_wconf 85' lang='lat'><strong>1.</strong></span> <span class='ocrx_word' id='word_1_8' title='bbox 1515 185 1532 200; x_wconf 79' lang='grc'>”</span> 
     </span>
    </p>

    <p class='ocr_par' dir='ltr' id='par_1_2' title="bbox 389 265 1976 704">
     <span class='ocr_line' id='line_1_2' title="bbox 390 265 1974 360; baseline 0 -20"><span class='ocrx_word' id='word_1_9' title='bbox 390 269 645 342; x_wconf 79' lang='lat' dir='ltr'><strong>metica</strong></span> <span class='ocrx_word' id='word_1_10' title='bbox 674 277 702 340; x_wconf 72' lang='grc' dir='ltr'><strong>ἐ’</strong></span> <span class='ocrx_word' id='word_1_11' title='bbox 732 271 1022 340; x_wconf 85' lang='lat' dir='ltr'><strong>multum</strong></span> <span class='ocrx_word' id='word_1_12' title='bbox 1056 267 1239 340; x_wconf 81' lang='lat' dir='ltr'><strong>enim</strong></span> <span class='ocrx_word' id='word_1_13' title='bbox 1272 293 1475 360; x_wconf 77' lang='lat' dir='ltr'><strong>supra</strong></span> <span class='ocrx_word' id='word_1_14' title='bbox 1510 291 1776 360; x_wconf 84' lang='lat' dir='ltr'>prosam</span> <span class='ocrx_word' id='word_1_15' title='bbox 1809 265 1974 340; x_wconf 51' lang='lat' dir='ltr'><strong>orat:</strong></span> 
     </span>
     <span class='ocr_line' id='line_1_3' title="bbox 389 359 1976 452; baseline 0.001 -22"><span class='ocrx_word' id='word_1_16' title='bbox 389 363 695 446; x_wconf 79' lang='lat' dir='ltr'><strong>tionem,</strong></span> <span class='ocrx_word' id='word_1_17' title='bbox 744 374 815 430; x_wconf 84' lang='lat' dir='ltr'><strong>et</strong></span> <span class='ocrx_word' id='word_1_18' title='bbox 874 365 1079 452; x_wconf 83' lang='lat' dir='ltr'><strong>quam</strong></span> <span class='ocrx_word' id='word_1_19' title='bbox 1134 359 1513 450; x_wconf 74' lang='lat' dir='ltr'><strong>pedestrem</strong></span> <span class='ocrx_word' id='word_1_20' title='bbox 1565 361 1780 430; x_wconf 81' lang='lat' dir='ltr'><strong>Graeci</strong></span> <span class='ocrx_word' id='word_1_21' title='bbox 1843 388 1976 432; x_wconf 58' lang='lat' dir='ltr'><strong>vo*-</strong></span> 
     </span>
     <span class='ocr_line' id='line_1_4' title="bbox 392 448 1970 546; baseline 0 -24"><span class='ocrx_word' id='word_1_22' title='bbox 392 466 551 522; x_wconf 80' lang='lat' dir='ltr'><strong>cant</strong></span> <span class='ocrx_word' id='word_1_23' title='bbox 577 503 596 535; x_wconf 87' lang='lat'>‚</span> <span class='ocrx_word' id='word_1_24' title='bbox 626 453 849 546; x_wconf 78' lang='lat' dir='ltr'>surgit</span> <span class='ocrx_word' id='word_1_25' title='bbox 881 479 898 523; x_wconf 72' lang='grc' dir='ltr'>ε</span> <span class='ocrx_word' id='word_1_26' title='bbox 949 450 1224 520; x_wconf 79' lang='lat' dir='ltr'><strong>ut-mihi</strong></span> <span class='ocrx_word' id='word_1_27' title='bbox 1266 476 1407 519; x_wconf 90' lang='lat' dir='ltr'><strong>non</strong></span> <span class='ocrx_word' id='word_1_28' title='bbox 1439 448 1739 520; x_wconf 85' lang='lat' dir='ltr'><strong>hominis</strong></span> <span class='ocrx_word' id='word_1_29' title='bbox 1776 452 1970 544; x_wconf 68' lang='lat' dir='ltr'><strong>inge⁴</strong></span> 
     </span>
     <span class='ocr_line' id='line_1_5' title="bbox 390 541 1974 636; baseline 0.001 -24"><span class='ocrx_word' id='word_1_30' title='bbox 390 542 556 627; x_wconf 83' lang='lat' dir='ltr'><strong>nio,</strong></span> <span class='ocrx_word' id='word_1_31' title='bbox 602 543 721 612; x_wconf 87' lang='lat' dir='ltr'><strong>sed</strong></span> <span class='ocrx_word' id='word_1_32' title='bbox 760 541 1057 636; x_wconf 83' lang='lat' dir='ltr'><strong>quo-dam</strong></span> <span class='ocrx_word' id='word_1_33' title='bbox 1090 541 1434 634; x_wconf 86' lang='lat' dir='ltr'><strong>Delphico</strong></span> <span class='ocrx_word' id='word_1_34' title='bbox 1474 541 1786 614; x_wconf 84' lang='lat' dir='ltr'><strong>videatur</strong></span> <span class='ocrx_word' id='word_1_35' title='bbox 1815 569 1974 616; x_wconf 65' lang='lat' dir='ltr'><strong>ora‘-</strong></span> 
     </span>
     <span class='ocr_line' id='line_1_6' title="bbox 392 634 984 704; baseline -0.003 0"><span class='ocrx_word' id='word_1_36' title='bbox 392 634 549 704; x_wconf 83' lang='lat' dir='ltr'><strong>culo</strong></span> <span class='ocrx_word' id='word_1_37' title='bbox 594 635 984 704; x_wconf 54' lang='lat' dir='ltr'><strong>instinctum</strong></span> 
     </span>
    </p>

    <p class='ocr_par' dir='ltr' id='par_1_3' title="bbox 386 724 1970 1454">
     <span class='ocr_line' id='line_1_7' title="bbox 484 724 1968 817; baseline 0.001 -24"><span class='ocrx_word' id='word_1_38' title='bbox 484 725 672 814; x_wconf 76' lang='lat' dir='ltr'><strong>Quid</strong></span> <span class='ocrx_word' id='word_1_39' title='bbox 730 751 859 817; x_wconf 89' lang='lat' dir='ltr'><strong>ego</strong></span> <span class='ocrx_word' id='word_1_40' title='bbox 910 747 1434 797; x_wconf 72' lang='lat' dir='ltr'><strong>commemorem</strong></span> <span class='ocrx_word' id='word_1_41' title='bbox 1479 724 1968 817; x_wconf 77' lang='lat' dir='ltr'><strong>Xenophontis</strong></span> 
     </span>
     <span class='ocr_line' id='line_1_8' title="bbox 388 814 1969 908; baseline -0.001 -22"><span class='ocrx_word' id='word_1_42' title='bbox 388 815 892 908; x_wconf 80' lang='lat' dir='ltr'><strong>jucunditatem</strong></span> <span class='ocrx_word' id='word_1_43' title='bbox 963 816 1151 884; x_wconf 79' lang='lat' dir='ltr'><strong>illam</strong></span> <span class='ocrx_word' id='word_1_44' title='bbox 1231 814 1689 886; x_wconf 77' lang='lat' dir='ltr'><strong>inaffectatam</strong></span> <span class='ocrx_word' id='word_1_45' title='bbox 1745 869 1764 900; x_wconf 86' lang='lat'>‚</span> <span class='ocrx_word' id='word_1_46' title='bbox 1845 815 1969 885; x_wconf 84' lang='lat' dir='ltr'><strong>sed</strong></span> 
     </span>
     <span class='ocr_line' id='line_1_9' title="bbox 390 906 1969 999; baseline -0.001 -21"><span class='ocrx_word' id='word_1_47' title='bbox 390 934 595 999; x_wconf 86' lang='lat' dir='ltr'><strong>quam</strong></span> <span class='ocrx_word' id='word_1_48' title='bbox 644 907 837 977; x_wconf 84' lang='lat' dir='ltr'><strong>nulla</strong></span> <span class='ocrx_word' id='word_1_49' title='bbox 901 907 1116 999; x_wconf 77' lang='lat' dir='ltr'><strong>possit</strong></span> <span class='ocrx_word' id='word_1_50' title='bbox 1173 906 1516 976; x_wconf 84' lang='lat' dir='ltr'><strong>affecta-tio</strong></span> <span class='ocrx_word' id='word_1_51' title='bbox 1571 906 1969 998; x_wconf 84' lang='lat' dir='ltr'><strong>consequi?</strong></span> 
     </span>
     <span class='ocr_line' id='line_1_10' title="bbox 390 997 1966 1092; baseline 0 -24"><span class='ocrx_word' id='word_1_52' title='bbox 390 1013 469 1068; x_wconf 88' lang='lat' dir='ltr'><strong>ut</strong></span> <span class='ocrx_word' id='word_1_53' title='bbox 507 1001 661 1092; x_wconf 82' lang='lat' dir='ltr'><strong>ipsae</strong></span> <span class='ocrx_word' id='word_1_54' title='bbox 694 997 962 1068; x_wconf 81' lang='lat' dir='ltr'><strong>finxisse</strong></span> <span class='ocrx_word' id='word_1_55' title='bbox 996 1022 1382 1067; x_wconf 82' lang='lat' dir='ltr'><strong>sermon-em</strong></span> <span class='ocrx_word' id='word_1_56' title='bbox 1415 997 1664 1068; x_wconf 73' lang='lat' dir='ltr'><strong>Gratiae</strong></span> <span class='ocrx_word' id='word_1_57' title='bbox 1689 997 1966 1068; x_wconf 80' lang='lat' dir='ltr'><strong>videan-</strong></span> 
     </span>
     <span class='ocr_line' id='line_1_11' title="bbox 387 1087 1966 1180; baseline -0.001 -20"><span class='ocrx_word' id='word_1_58' title='bbox 387 1103 551 1175; x_wconf 75' lang='lat' dir='ltr'><strong>tur3</strong></span> <span class='ocrx_word' id='word_1_59' title='bbox 581 1102 687 1174; x_wconf 83' lang='lat' dir='ltr'><strong>et,</strong></span> <span class='ocrx_word' id='word_1_60' title='bbox 722 1089 907 1180; x_wconf 84' lang='lat' dir='ltr'><strong>quod</strong></span> <span class='ocrx_word' id='word_1_61' title='bbox 940 1089 1023 1158; x_wconf 82' lang='lat' dir='ltr'><strong>de</strong></span> <span class='ocrx_word' id='word_1_62' title='bbox 1054 1087 1318 1158; x_wconf 84' lang='lat' dir='ltr'><strong>Pericle</strong></span> <span class='ocrx_word' id='word_1_63' title='bbox 1349 1088 1596 1180; x_wconf 75' lang='lat' dir='ltr'><strong>yeteris</strong></span> <span class='ocrx_word' id='word_1_64' title='bbox 1621 1091 1966 1160; x_wconf 82' lang='lat' dir='ltr'><strong>comoediae</strong></span> 
     </span>
     <span class='ocr_line' id='line_1_12' title="bbox 386 1179 1966 1268; baseline -0.002 -17"><span class='ocrx_word' id='word_1_65' title='bbox 386 1181 861 1251; x_wconf 81' lang='lat' dir='ltr'><strong>testimonium</strong></span> <span class='ocrx_word' id='word_1_66' title='bbox 902 1193 1004 1250; x_wconf 86' lang='lat' dir='ltr'><strong>est</strong></span> <span class='ocrx_word' id='word_1_67' title='bbox 1034 1232 1051 1263; x_wconf 86' lang='lat'><strong>‚</strong></span> <span class='ocrx_word' id='word_1_68' title='bbox 1102 1180 1174 1248; x_wconf 91' lang='lat' dir='ltr'><strong>in</strong></span> <span class='ocrx_word' id='word_1_69' title='bbox 1214 1179 1402 1249; x_wconf 84' lang='lat' dir='ltr'><strong>hunc</strong></span> <span class='ocrx_word' id='word_1_70' title='bbox 1438 1180 1788 1249; x_wconf 83' lang='lat' dir='ltr'><strong>transferri</strong></span> <span class='ocrx_word' id='word_1_71' title='bbox 1823 1185 1966 1268; x_wconf 86' lang='lat' dir='ltr'><strong>jus-</strong></span> 
     </span>
     <span class='ocr_line' id='line_1_13' title="bbox 386 1269 1970 1364; baseline 0 -24"><span class='ocrx_word' id='word_1_72' title='bbox 386 1273 645 1343; x_wconf 77' lang='lat' dir='ltr'><strong>tissime</strong></span> <span class='ocrx_word' id='word_1_73' title='bbox 667 1272 909 1362; x_wconf 83' lang='lat' dir='ltr'><strong>possit,</strong></span> <span class='ocrx_word' id='word_1_74' title='bbox 938 1271 1010 1341; x_wconf 86' lang='lat' dir='ltr'><strong>in</strong></span> <span class='ocrx_word' id='word_1_75' title='bbox 1044 1269 1252 1339; x_wconf 81' lang='lat' dir='ltr'><strong>labris</strong></span> <span class='ocrx_word' id='word_1_76' title='bbox 1285 1275 1430 1360; x_wconf 83' lang='lat' dir='ltr'><strong>ejus</strong></span> <span class='ocrx_word' id='word_1_77' title='bbox 1457 1270 1706 1341; x_wconf 82' lang='lat' dir='ltr'><strong>sedisse</strong></span> <span class='ocrx_word' id='word_1_78' title='bbox 1734 1295 1970 1364; x_wconf 85' lang='lat' dir='ltr'><strong>quam-</strong></span> 
     </span>
     <span class='ocr_line' id='line_1_14' title="bbox 388 1361 1392 1454; baseline -0.009 -18"><span class='ocrx_word' id='word_1_79' title='bbox 388 1362 545 1436; x_wconf 84' lang='lat' dir='ltr'><strong>dam</strong></span> <span class='ocrx_word' id='word_1_80' title='bbox 582 1361 1036 1454; x_wconf 79' lang='lat' dir='ltr'><strong>persuade-ndi</strong></span> <span class='ocrx_word' id='word_1_81' title='bbox 1074 1361 1291 1430; x_wconf 85' lang='lat' dir='ltr'><strong>deam.</strong></span> <span class='ocrx_word' id='word_1_82' title='bbox 1387 1413 1392 1420; x_wconf 93' lang='lat'><em>.</em></span> 
     </span>
    </p>

    <p class='ocr_par' dir='ltr' id='par_1_4' title="bbox 384 1451 2052 2196">
     <span class='ocr_line' id='line_1_15' title="bbox 482 1451 1974 1545; baseline 0 -23"><span class='ocrx_word' id='word_1_83' title='bbox 482 1452 671 1542; x_wconf 87' lang='lat' dir='ltr'><strong>Quid</strong></span> <span class='ocrx_word' id='word_1_84' title='bbox 714 1453 1134 1545; x_wconf 81' lang='lat' dir='ltr'><strong>reliquorum</strong></span> <span class='ocrx_word' id='word_1_85' title='bbox 1173 1451 1672 1522; x_wconf 83' lang='lat' dir='ltr'><strong>Socraticorum</strong></span> <span class='ocrx_word' id='word_1_86' title='bbox 1700 1452 1974 1522; x_wconf 59' lang='lat' dir='ltr'><strong>elevans</strong></span> 
     </span>
     <span class='ocr_line' id='line_1_16' title="bbox 387 1543 1970 1634; baseline -0.001 -19"><span class='ocrx_word' id='word_1_87' title='bbox 387 1545 616 1616; x_wconf 75' lang='lat' dir='ltr'><strong>tiam?</strong></span> <span class='ocrx_word' id='word_1_88' title='bbox 666 1544 855 1631; x_wconf 89' lang='lat' dir='ltr'><strong>Quid</strong></span> <span class='ocrx_word' id='word_1_89' title='bbox 905 1543 1345 1613; x_wconf 32' lang='lat' dir='ltr'><strong>&gt;Aristotelem</strong></span> <span class='ocrx_word' id='word_1_90' title='bbox 1382 1553 1412 1612; x_wconf 85' lang='lat'><em>?</em></span> <span class='ocrx_word' id='word_1_91' title='bbox 1459 1568 1661 1634; x_wconf 87' lang='lat' dir='ltr'><strong>quem</strong></span> <span class='ocrx_word' id='word_1_92' title='bbox 1715 1543 1806 1613; x_wconf 91' lang='lat' dir='ltr'><strong>du</strong></span> <span class='ocrx_word' id='word_1_93' title='bbox 1860 1545 1970 1614; x_wconf 84' lang='lat' dir='ltr'><strong>ito</strong></span> 
     </span>
     <span class='ocr_line' id='line_1_17' title="bbox 386 1633 1970 1726; baseline -0.001 -19"><span class='ocrx_word' id='word_1_94' title='bbox 386 1635 674 1707; x_wconf 75' lang='lat' dir='ltr'><strong>scientia</strong></span> <span class='ocrx_word' id='word_1_95' title='bbox 704 1656 969 1718; x_wconf 84' lang='lat' dir='ltr'><strong>rerum,</strong></span> <span class='ocrx_word' id='word_1_96' title='bbox 996 1659 1085 1704; x_wconf 81' lang='lat' dir='ltr'><strong>an</strong></span> <span class='ocrx_word' id='word_1_97' title='bbox 1123 1633 1530 1725; x_wconf 84' lang='lat' dir='ltr'><strong>scriptorum</strong></span> <span class='ocrx_word' id='word_1_98' title='bbox 1573 1634 1768 1726; x_wconf 78' lang='lat' dir='ltr'><strong>copia</strong></span> <span class='ocrx_word' id='word_1_99' title='bbox 1795 1686 1814 1719; x_wconf 84' lang='lat'><strong>‚</strong></span> <span class='ocrx_word' id='word_1_100' title='bbox 1869 1661 1970 1706; x_wconf 82' lang='lat' dir='ltr'><strong>an</strong></span> 
     </span>
     <span class='ocr_line' id='line_1_18' title="bbox 386 1725 1978 1820; baseline 0 -24"><span class='ocrx_word' id='word_1_101' title='bbox 386 1726 755 1820; x_wconf 84' lang='lat' dir='ltr'><strong>eloquendi</strong></span> <span class='ocrx_word' id='word_1_102' title='bbox 793 1727 1126 1797; x_wconf 81' lang='lat' dir='ltr'><strong>suavitate</strong></span> <span class='ocrx_word' id='word_1_103' title='bbox 1147 1777 1166 1808; x_wconf 85' lang='lat'>‚</span> <span class='ocrx_word' id='word_1_104' title='bbox 1187 1750 1272 1794; x_wconf 87' lang='lat' dir='ltr'><strong>an</strong></span> <span class='ocrx_word' id='word_1_105' title='bbox 1301 1725 1775 1796; x_wconf 82' lang='lat' dir='ltr'><strong>inventionum</strong></span> <span class='ocrx_word' id='word_1_106' title='bbox 1801 1749 1978 1796; x_wconf 81' lang='lat' dir='ltr'><strong>acu-</strong></span> 
     </span>
     <span class='ocr_line' id='line_1_19' title="bbox 387 1815 1970 1903; baseline -0.001 -14"><span class='ocrx_word' id='word_1_107' title='bbox 387 1820 573 1889; x_wconf 84' lang='lat' dir='ltr'><strong>mine</strong></span> <span class='ocrx_word' id='word_1_108' title='bbox 610 1869 629 1903; x_wconf 88' lang='lat'>‚</span> <span class='ocrx_word' id='word_1_109' title='bbox 694 1843 778 1895; x_wconf 79' lang='lat' dir='ltr'><strong>an</strong></span> <span class='ocrx_word' id='word_1_110' title='bbox 836 1816 1162 1888; x_wconf 82' lang='lat' dir='ltr'><strong>varietate</strong></span> <span class='ocrx_word' id='word_1_111' title='bbox 1209 1841 1252 1889; x_wconf 86' lang='lat' dir='ltr'><strong>o</strong></span> <span class='ocrx_word' id='word_1_112' title='bbox 1303 1841 1494 1885; x_wconf 86' lang='lat' dir='ltr'><strong>erum</strong></span> <span class='ocrx_word' id='word_1_113' title='bbox 1526 1869 1545 1901; x_wconf 88' lang='lat'><strong>.,</strong></span> <span class='ocrx_word' id='word_1_114' title='bbox 1601 1815 1970 1888; x_wconf 79' lang='lat' dir='ltr'><strong>clariorem</strong></span> 
     </span>
     <span class='ocr_line' id='line_1_20' title="bbox 384 1906 1971 2001; baseline -0.001 -23"><span class='ocrx_word' id='word_1_115' title='bbox 384 1922 644 2001; x_wconf 80' lang='lat' dir='ltr'><strong>put-em.</strong></span> <span class='ocrx_word' id='word_1_116' title='bbox 683 1915 857 1977; x_wconf 80' lang='lat' dir='ltr'><strong>Nam</strong></span> <span class='ocrx_word' id='word_1_117' title='bbox 892 1908 965 1977; x_wconf 89' lang='lat' dir='ltr'><strong>in</strong></span> <span class='ocrx_word' id='word_1_118' title='bbox 1006 1906 1252 1998; x_wconf 87' lang='lat' dir='ltr'><strong>Theop</strong></span> <span class='ocrx_word' id='word_1_119' title='bbox 1307 1920 1486 1978; x_wconf 77' lang='lat' dir='ltr'><strong>resto</strong></span> <span class='ocrx_word' id='word_1_120' title='bbox 1517 1920 1654 1977; x_wconf 82' lang='lat' dir='ltr'><strong>tam</strong></span> <span class='ocrx_word' id='word_1_121' title='bbox 1691 1920 1791 1978; x_wconf 87' lang='lat' dir='ltr'><strong>est</strong></span> <span class='ocrx_word' id='word_1_122' title='bbox 1819 1908 1971 1977; x_wconf 86' lang='lat' dir='ltr'><strong>elo-</strong></span> 
     </span>
     <span class='ocr_line' id='line_1_21' title="bbox 384 1997 2052 2093; baseline 0.001 -24"><span class='ocrx_word' id='word_1_123' title='bbox 384 1998 641 2093; x_wconf 83' lang='lat' dir='ltr'><strong>quendi</strong></span> <span class='ocrx_word' id='word_1_124' title='bbox 670 1998 856 2069; x_wconf 84' lang='lat' dir='ltr'><strong>nitor</strong></span> <span class='ocrx_word' id='word_1_125' title='bbox 884 1998 999 2068; x_wconf 73' lang='lat' dir='ltr'><strong>ine</strong></span> <span class='ocrx_word' id='word_1_126' title='bbox 1034 1997 1346 2083; x_wconf 86' lang='lat' dir='ltr'><strong>divinus,</strong></span> <span class='ocrx_word' id='word_1_127' title='bbox 1386 2012 1460 2068; x_wconf 83' lang='lat' dir='ltr'><strong>ut</strong></span> <span class='ocrx_word' id='word_1_128' title='bbox 1491 2024 1570 2069; x_wconf 87' lang='lat' dir='ltr'><strong>ex</strong></span> <span class='ocrx_word' id='word_1_129' title='bbox 1599 2024 1682 2069; x_wconf 89' lang='lat' dir='ltr'><strong>eo</strong></span> <span class='ocrx_word' id='word_1_130' title='bbox 1707 2024 1968 2083; x_wconf 82' lang='lat' dir='ltr'><strong>nomen</strong></span> <span class='ocrx_word' id='word_1_131' title='bbox 2045 2035 2052 2039; x_wconf 85' lang='lat'><em>·</em></span> 
     </span>
     <span class='ocr_line' id='line_1_22' title="bbox 386 2089 1304 2196; baseline -0.003 -37"><span class='ocrx_word' id='word_1_132' title='bbox 386 2116 659 2196; x_wconf 78' lang='lat' dir='ltr'><strong>quoque</strong></span> <span class='ocrx_word' id='word_1_133' title='bbox 702 2090 977 2159; x_wconf 81' lang='lat' dir='ltr'><strong>traxisse</strong></span> <span class='ocrx_word' id='word_1_134' title='bbox 1013 2089 1304 2159; x_wconf 84' lang='lat' dir='ltr'><strong>dicatur.</strong></span> 
     </span>
    </p>

    <p class='ocr_par' dir='ltr' id='par_1_5' title="bbox 298 2179 1970 2727">
     <span class='ocr_line' id='line_1_23' title="bbox 477 2179 1970 2273; baseline 0.001 -21"><span class='ocrx_word' id='word_1_135' title='bbox 477 2189 715 2253; x_wconf 86' lang='lat' dir='ltr'><strong>Mmus</strong></span> <span class='ocrx_word' id='word_1_136' title='bbox 758 2180 1106 2257; x_wconf 78' lang='lat' dir='ltr'><strong>indulsere</strong></span> <span class='ocrx_word' id='word_1_137' title='bbox 1161 2179 1566 2273; x_wconf 61' lang='lat' dir='ltr'><strong>eloquentiae</strong></span> <span class='ocrx_word' id='word_1_138' title='bbox 1600 2181 1797 2251; x_wconf 77' lang='lat' dir='ltr'><strong>sto‘i‘ci</strong></span> <span class='ocrx_word' id='word_1_139' title='bbox 1849 2206 1970 2253; x_wconf 85' lang='lat' dir='ltr'><strong>ve·-</strong></span> 
     </span>
     <span class='ocr_line' id='line_1_24' title="bbox 298 2270 1966 2355; baseline 0.001 -14"><span class='ocrx_word' id='word_1_140' title='bbox 298 2274 303 2283; x_wconf 83' lang='grc'><strong><em>’</em></strong></span> <span class='ocrx_word' id='word_1_141' title='bbox 384 2285 598 2343; x_wconf 79' lang='lat' dir='ltr'><strong>teres:</strong></span> <span class='ocrx_word' id='word_1_142' title='bbox 636 2270 937 2341; x_wconf 80' lang='lat' dir='ltr'><strong>sedeam</strong></span> <span class='ocrx_word' id='word_1_143' title='bbox 966 2270 1253 2347; x_wconf 79' lang='lat' dir='ltr'><strong>honesta</strong></span> <span class='ocrx_word' id='word_1_144' title='bbox 1271 2286 1678 2355; x_wconf 73' lang='lat' dir='ltr'><strong>suaserunt,</strong></span> <span class='ocrx_word' id='word_1_145' title='bbox 1701 2286 1848 2341; x_wconf 85' lang='lat' dir='ltr'><strong>tum</strong></span> <span class='ocrx_word' id='word_1_146' title='bbox 1881 2274 1966 2344; x_wconf 80' lang='lat' dir='ltr'><strong>in</strong></span> 
     </span>
     <span class='ocr_line' id='line_1_25' title="bbox 386 2361 1965 2456; baseline 0 -23"><span class='ocrx_word' id='word_1_147' title='bbox 386 2362 819 2456; x_wconf 82' lang='lat' dir='ltr'><strong>colligendo,</strong></span> <span class='ocrx_word' id='word_1_148' title='bbox 865 2361 1392 2453; x_wconf 82' lang='lat' dir='ltr'><strong>probandoque,</strong></span> <span class='ocrx_word' id='word_1_149' title='bbox 1441 2389 1589 2456; x_wconf 84' lang='lat' dir='ltr'><strong>quae</strong></span> <span class='ocrx_word' id='word_1_150' title='bbox 1644 2364 1965 2434; x_wconf 79' lang='lat' dir='ltr'><strong>institue-</strong></span> 
     </span>
     <span class='ocr_line' id='line_1_26' title="bbox 382 2452 1962 2547; baseline 0.002 -24"><span class='ocrx_word' id='word_1_151' title='bbox 382 2468 543 2523; x_wconf 83' lang='lat' dir='ltr'><strong>rant</strong></span> <span class='ocrx_word' id='word_1_152' title='bbox 572 2506 593 2540; x_wconf 86' lang='lat'>,</span> <span class='ocrx_word' id='word_1_153' title='bbox 637 2452 1009 2547; x_wconf 85' lang='lat' dir='ltr'><strong>plurimum</strong></span> <span class='ocrx_word' id='word_1_154' title='bbox 1048 2452 1458 2529; x_wconf 71' lang='lat' dir='ltr'><strong>valuerunt:</strong></span> <span class='ocrx_word' id='word_1_155' title='bbox 1493 2456 1695 2526; x_wconf 87' lang='lat' dir='ltr'><strong>rebus</strong></span> <span class='ocrx_word' id='word_1_156' title='bbox 1729 2467 1962 2526; x_wconf 67' lang='lat' dir='ltr'><strong>tamen</strong></span> 
     </span>
     <span class='ocr_line' id='line_1_27' title="bbox 386 2542 1960 2638; baseline 0.001 -23"><span class='ocrx_word' id='word_1_157' title='bbox 386 2546 569 2617; x_wconf 82' lang='lat' dir='ltr'><strong>acuti</strong></span> <span class='ocrx_word' id='word_1_158' title='bbox 634 2544 848 2637; x_wconf 84' lang='lat' dir='ltr'><strong>magis</strong></span> <span class='ocrx_word' id='word_1_159' title='bbox 899 2568 1104 2637; x_wconf 84' lang='lat' dir='ltr'><strong>quam</strong></span> <span class='ocrx_word' id='word_1_160' title='bbox 1166 2542 1292 2627; x_wconf 90' lang='lat' dir='ltr'><strong>(id</strong></span> <span class='ocrx_word' id='word_1_161' title='bbox 1355 2545 1542 2638; x_wconf 78' lang='lat' dir='ltr'><strong>quod</strong></span> <span class='ocrx_word' id='word_1_162' title='bbox 1601 2572 1763 2616; x_wconf 84' lang='lat' dir='ltr'><strong>sane</strong></span> <span class='ocrx_word' id='word_1_163' title='bbox 1813 2572 1960 2629; x_wconf 78' lang='lat' dir='ltr'><strong>non</strong></span> 
     </span>
     <span class='ocr_line' id='line_1_28' title="bbox 380 2634 1610 2727; baseline 0 -20"><span class='ocrx_word' id='word_1_164' title='bbox 380 2635 843 2724; x_wconf 65' lang='lat' dir='ltr'><strong>affecterunt)</strong></span> <span class='ocrx_word' id='word_1_165' title='bbox 892 2634 1208 2705; x_wconf 81' lang='lat' dir='ltr'><strong>oratione</strong></span> <span class='ocrx_word' id='word_1_166' title='bbox 1241 2636 1610 2727; x_wconf 80' lang='lat' dir='ltr'><strong>magnifici.</strong></span> 
     </span>
    </p>

    <p class='ocr_par' dir='ltr' id='par_1_6' title="bbox 382 2725 1962 2890">
     <span class='ocr_line' id='line_1_29' title="bbox 475 2725 1962 2821; baseline 0.003 -25"><span class='ocrx_word' id='word_1_167' title='bbox 475 2726 791 2809; x_wconf 75' lang='lat' dir='ltr'><strong>VLJdem</strong></span> <span class='ocrx_word' id='word_1_168' title='bbox 812 2725 1012 2797; x_wconf 87' lang='lat' dir='ltr'><strong>nobis</strong></span> <span class='ocrx_word' id='word_1_169' title='bbox 1030 2751 1152 2817; x_wconf 85' lang='lat' dir='ltr'><strong>per</strong></span> <span class='ocrx_word' id='word_1_170' title='bbox 1170 2752 1488 2803; x_wconf 83' lang='lat' dir='ltr'><strong>romanos</strong></span> <span class='ocrx_word' id='word_1_171' title='bbox 1505 2751 1777 2821; x_wconf 87' lang='lat' dir='ltr'><strong>quoque</strong></span> <span class='ocrx_word' id='word_1_172' title='bbox 1797 2754 1962 2801; x_wconf 84' lang='lat' dir='ltr'><strong>auc-</strong></span> 
     </span>
     <span class='ocr_line' id='line_1_30' title="bbox 382 2816 1344 2890; baseline -0.002 -3"><span class='ocrx_word' id='word_1_173' title='bbox 382 2829 567 2890; x_wconf 77' lang='lat' dir='ltr'><strong>tores</strong></span> <span class='ocrx_word' id='word_1_174' title='bbox 598 2816 769 2887; x_wconf 85' lang='lat' dir='ltr'><strong>ordo</strong></span> <span class='ocrx_word' id='word_1_175' title='bbox 824 2816 1181 2887; x_wconf 84' lang='lat' dir='ltr'><strong>ducendus</strong></span> <span class='ocrx_word' id='word_1_176' title='bbox 1221 2830 1344 2887; x_wconf 81' lang='lat' dir='ltr'><strong>est.</strong></span> 
     </span>
    </p>

    <p class='ocr_par' dir='ltr' id='par_1_7' title="bbox 288 2907 1972 3379">
     <span class='ocr_line' id='line_1_31' title="bbox 484 2907 1956 3065; baseline 0.003 -87"><span class='ocrx_word' id='word_1_177' title='bbox 484 2934 543 2978; x_wconf 83' lang='lat'><strong>1.</strong></span> <span class='ocrx_word' id='word_1_178' title='bbox 614 2912 849 3000; x_wconf 79' lang='lat' dir='ltr'><strong>Itaque</strong></span> <span class='ocrx_word' id='word_1_179' title='bbox 883 2958 905 2991; x_wconf 81' lang='lat'>‚</span> <span class='ocrx_word' id='word_1_180' title='bbox 966 2920 1041 2977; x_wconf 90' lang='lat' dir='ltr'><strong>ut</strong></span> <span class='ocrx_word' id='word_1_181' title='bbox 1092 2907 1278 3065; x_wconf 55' lang='lat' dir='ltr'><strong>atiud</strong></span> <span class='ocrx_word' id='word_1_182' title='bbox 1334 2907 1492 2980; x_wconf 55' lang='lat' dir='ltr'><strong>&gt;illos</strong></span> <span class='ocrx_word' id='word_1_183' title='bbox 1557 2914 1956 2999; x_wconf 80' lang='lat' dir='ltr'><strong>Homerus,</strong></span> 
     </span>
     <span class='ocr_line' id='line_1_32' title="bbox 382 2996 1954 3095; baseline 0.003 -25"><span class='ocrx_word' id='word_1_184' title='bbox 382 3000 485 3071; x_wconf 79' lang='lat' dir='ltr'><strong>sic</strong></span> <span class='ocrx_word' id='word_1_185' title='bbox 530 2996 713 3091; x_wconf 81' lang='lat' dir='ltr'><strong>apud</strong></span> <span class='ocrx_word' id='word_1_186' title='bbox 778 3022 903 3065; x_wconf 89' lang='lat' dir='ltr'><strong>nos</strong></span> <span class='ocrx_word' id='word_1_187' title='bbox 951 2996 1147 3089; x_wconf 82' lang='lat' dir='ltr'><strong>virgi</strong></span> <span class='ocrx_word' id='word_1_188' title='bbox 1183 2997 1288 3067; x_wconf 89' lang='lat' dir='ltr'><strong>ius</strong></span> <span class='ocrx_word' id='word_1_189' title='bbox 1339 2998 1954 3095; x_wconf 78' lang='lat' dir='ltr'><strong>auspicatissimum</strong></span> 
     </span>
     <span class='ocr_line' id='line_1_33' title="bbox 288 3086 1972 3185; baseline 0.002 -24"><span class='ocrx_word' id='word_1_190' title='bbox 288 3128 293 3130; x_wconf 93' lang='lat'>·</span> <span class='ocrx_word' id='word_1_191' title='bbox 380 3088 651 3161; x_wconf 82' lang='lat' dir='ltr'><strong>dederit</strong></span> <span class='ocrx_word' id='word_1_192' title='bbox 719 3086 1121 3178; x_wconf 80' lang='lat' dir='ltr'><strong>exordium,</strong></span> <span class='ocrx_word' id='word_1_193' title='bbox 1175 3090 1483 3161; x_wconf 87' lang='lat' dir='ltr'><strong>omnium</strong></span> <span class='ocrx_word' id='word_1_194' title='bbox 1536 3096 1688 3183; x_wconf 83' lang='lat' dir='ltr'><strong>ejus</strong></span> <span class='ocrx_word' id='word_1_195' title='bbox 1745 3120 1972 3185; x_wconf 68' lang='lat' dir='ltr'><strong>gene-2</strong></span> 
     </span>
     <span class='ocr_line' id='line_1_34' title="bbox 384 3182 1951 3279; baseline 0.004 -28"><span class='ocrx_word' id='word_1_196' title='bbox 384 3182 480 3251; x_wconf 87' lang='lat' dir='ltr'><strong>ris</strong></span> <span class='ocrx_word' id='word_1_197' title='bbox 572 3189 878 3251; x_wconf 63' lang='lat' dir='ltr'><strong>netarum</strong></span> <span class='ocrx_word' id='word_1_198' title='bbox 906 3232 928 3264; x_wconf 84' lang='lat'>‚</span> <span class='ocrx_word' id='word_1_199' title='bbox 975 3204 1344 3273; x_wconf 85' lang='lat' dir='ltr'><strong>graecorum</strong></span> <span class='ocrx_word' id='word_1_200' title='bbox 1383 3194 1951 3279; x_wconf 83' lang='lat' dir='ltr'><strong>nostrorumque,</strong></span> 
     </span>
     <span class='ocr_line' id='line_1_35' title="bbox 386 3268 1956 3379; baseline 0.003 -36"><span class='ocrx_word' id='word_1_201' title='bbox 386 3270 489 3343; x_wconf 81' lang='lat' dir='ltr'><strong>ini</strong></span> <span class='ocrx_word' id='word_1_202' title='bbox 574 3270 707 3345; x_wconf 85' lang='lat' dir='ltr'><strong>aud</strong></span> <span class='ocrx_word' id='word_1_203' title='bbox 740 3268 949 3343; x_wconf 82' lang='lat' dir='ltr'><strong>dubie</strong></span> <span class='ocrx_word' id='word_1_204' title='bbox 982 3272 1349 3365; x_wconf 82' lang='lat' dir='ltr'><strong>proximus.</strong></span> <span class='ocrx_word' id='word_1_205' title='bbox 1382 3280 1553 3346; x_wconf 79' lang='lat' dir='ltr'><strong>Utar</strong></span> <span class='ocrx_word' id='word_1_206' title='bbox 1587 3274 1778 3355; x_wconf 85' lang='lat' dir='ltr'><strong>enim</strong></span> <span class='ocrx_word' id='word_1_207' title='bbox 1803 3302 1956 3379; x_wconf 73' lang='lat' dir='ltr'><strong>ver-3</strong></span> 
     </span>
    </p>
   </div>
   <div class='ocr_carea' id='block_1_2' title="bbox 386 3452 403 3462">
    <p class='ocr_par' dir='ltr' id='par_1_8' title="bbox 386 3452 403 3462">
     <span class='ocr_line' id='line_1_36' title="bbox 386 3452 403 3462; baseline 0 0"><span class='ocrx_word' id='word_1_208' title='bbox 386 3452 403 3462; x_wconf 67' lang='lat' dir='ltr'><em>t</em></span> 
     </span>
    </p>
   </div>
   <div class='ocr_carea' id='block_1_3' title="bbox 2185 1194 2188 2031">
    <p class='ocr_par' dir='ltr' id='par_1_9' title="bbox 2185 1194 2188 2031">
     <span class='ocr_line' id='line_1_37' title="bbox 2185 1194 2188 2031; baseline 0 0"><span class='ocrx_word' id='word_1_209' title='bbox 2185 1194 2188 2031; x_wconf 95' lang='lat' dir='ltr'><strong> </strong></span> 
     </span>
    </p>
   </div>
  </div>
 </body>
</html>
