2188 3757
441 269 583 344 240
857 263 1037 328 Lus.
1084 261 1219 328 XI.
1266 261 1456 330 GAr.
1507 265 1559 330 1.
1767 344 1772 349 γ’

442 361 591 420 tute
637 346 1082 418 conserantur
1112 402 1131 433 ‚
1180 348 1617 442 despicienda
1658 351 2005 437 judicave-

441 451 605 509 runt
637 465 656 508 t
701 439 858 511 ideo
909 466 991 509 ue
1027 454 1355 534 perpetua
1388 442 1768 516 seculorum
1800 439 2007 512 admi·

441 531 712 602 ratione
743 466 1201 602 celelwantur.
1226 539 1461 626 Neque
1487 560 1609 604 nos
1632 535 1841 604 simus
1874 546 2004 602 tam

437 619 732 692 humiles
753 674 772 705 ,
804 635 920 706 ut,
952 649 1099 716 quae
1132 620 1523 710 laudamus,
1560 624 1835 696 inutilia
1868 646 2007 692 cre-

423 711 703 782 damus.
761 711 894 782 Sed
945 713 1072 784 hoc
1130 713 1605 807 qualecunq-ue
1646 714 2007 786 discrimen

434 827 592 874 raro
619 803 986 874 admodum
1012 804 1261 874 evenit.
1294 811 1625 876 Caeterum
1660 805 1839 876 idem
1873 804 2003 872 fere

355 925 362 938 ¹
437 905 568 979 (ut
627 893 811 981 dixi)
867 895 940 964 in
995 896 1183 965 omni
1240 919 1490 988 genere
1542 921 1895 979 causarum
1942 904 2009 964 et

361 1056 366 1062 ,
429 985 787 1081 proderit,
839 999 908 1056 et
953 985 1247 1058 decebitss

521 1082 644 1147 Est
695 1090 924 1149 autem
984 1077 1170 1172 quod
1220 1103 1455 1148 omnes
1511 1090 1579 1148 et
1628 1101 1899 1172 semper
1942 1085 2009 1146 et

429 1167 689 1262 ubique
732 1169 1141 1264 suadere-ac
1186 1168 1413 1240 dicere
1456 1169 1783 1255 honeste,
1833 1170 2007 1238 face-

429 1285 642 1352 reque
689 1256 980 1346 deceat3
1031 1273 1404 1354 contraque
1459 1264 1806 1331 neminem
1871 1257 2008 1329 ullo

427 1375 730 1443 unquam
780 1352 854 1420 in
905 1349 1056 1421 loco
1106 1352 1421 1455 turpiter.
1469 1352 1751 1422 Minora
1794 1374 1955 1422 vero
1984 1399 2007 1432 ‚

423 1467 708 1534 quaeque
747 1453 905 1517 sunt
960 1468 1037 1511 ex
1074 1440 1315 1512 mediis
1340 1493 1358 1522 ,
1411 1441 1817 1536 plerumque
1851 1452 2011 1512 sunt

423 1531 592 1602 talia
624 1583 644 1618 ‚
687 1545 764 1602 ut
796 1533 954 1604 aliis
993 1533 1133 1602 sint
1166 1531 1602 1602 concedenda
1625 1586 1644 1618 ‚
1674 1535 1835 1604 aliis
1867 1557 2005 1604 non

427 1622 610 1708 sint,
656 1635 773 1694 aut
830 1631 956 1732 pro
1005 1640 1336 1718 persona,
1388 1637 1695 1718 tempore
1728 1678 1749 1711 ‚
1801 1624 1954 1698 loco
1984 1675 2006 1707 ,

425 1740 630 1785 causa
669 1739 775 1789 ma
830 1743 884 1806 is
915 1743 1016 1788 ac·
1041 1716 1268 1786 minus
1300 1713 1403 1784 vel
1440 1715 1831 1807 excusanda
1876 1715 2010 1806 de·-

421 1803 634 1876 beant
691 1808 760 1878 'vi
815 1807 960 1893 eri,
1014 1807 1122 1876 vel
1184 1805 1778 1898 reprehendenda.
1834 1811 2011 1877 Cum

419 1895 728 1968 dicamus
765 1909 992 1969 autem
1027 1898 1112 1969 de
1148 1896 1353 1967 rebus
1398 1910 1519 1967 aut
1564 1898 1855 1985 alienis,
1890 1910 2012 1969 aut

418 1988 672 2063 nostris
697 2041 718 2076 ,
750 1986 1125 2061 dividenda
1156 2001 1256 2059 est
1290 1988 1465 2059 ratio
1509 2014 1793 2077 eorum,
1840 1988 2012 2061 dum

419 2078 712 2153 sciamus
753 2081 1078 2175 pleraque
1120 2092 1367 2153 neutro
1402 2080 1553 2151 loco
1602 2082 2011 2159 convenire.

511 2178 626 2241 111.
648 2178 725 2242 ln
746 2174 982 2266 primis
1003 2174 1217 2267 igitur
1233 2171 1453 2245 omnis
1471 2171 1575 2241 sui
1598 2172 1853 2243 vitiosa
1872 2176 2013 2263 jao-

413 2260 588 2333 tatio
638 2276 738 2333 est
770 2316 790 2347 ‚
843 2263 1252 2359 eloquentiae
1304 2278 1533 2333 tamen
1596 2262 1669 2341 in
1725 2278 2011 2333 oratore

415 2353 802 2448 praecipue:
853 2357 1183 2448 affer-tque
1210 2351 1652 2424 audientibus
1696 2380 1848 2424 non
1884 2355 2011 2449 fas-

411 2444 667 2519 fidium
753 2447 959 2518 modo
1003 2500 1025 2534 ‚
1108 2446 1231 2517 sed
1304 2445 1709 2537 plerumque
1792 2447 2013 2518 etiarn

413 2535 673 2611 odium.
715 2537 950 2609 Habet
995 2536 1183 2609 enim
1232 2562 1423 2607 mens
1465 2548 1697 2605 nostra
1750 2551 2011 2607 natura

383 2628 704 2699 ⁴sublime
746 2630 1075 2723 quiddam
1124 2642 1193 2713 et
1234 2641 1537 2702 erectum
1570 2676 1590 2710 .,
1638 2639 1731 2697 et=
1768 2628 2014 2723 impa-

411 2718 592 2787 tiens
643 2722 1041 2811 superioris.
1100 2720 1399 2812 Ideoque
1442 2718 1769 2806 >abjectos
1800 2772 1823 2806 ‚
1888 2731 2013 2789 aut

412 2811 912 2882 summittentes
980 2838 1050 2883 se
1094 2864 1114 2895 ‚
1199 2810 1498 2881 ‚libenter
1560 2809 2011 2897 allevamus,

409 2900 573 2993 quia
627 2900 760 2971 hoc
802 2901 1025 2973 facere
1070 2915 1397 2995 tanquam
1440 2905 1733 2989 majores
1790 2902 2011 2972 vide-

409 3016 602 3077 mur;
633 3006 700 3063 et
726 3045 745 3076 ‚
780 2994 1046 3086 quoties
1078 2992 1387 3063 discessit
1426 2992 1817 3080 aemula-tio,
1850 3020 2013 3065 suc-

409 3082 592 3152 cedit
635 3084 1045 3155 humanitas.
1079 3091 1169 3153 At
1201 3085 1317 3176 qui
1354 3112 1423 3153 se
1458 3096 1665 3176 supra
1705 3086 2008 3155 modum

376 3175 673 3249 :extollit
699 3230 717 3260 ,
770 3202 1074 3269 premere
1124 3202 1202 3247 ac
1240 3174 1593 3267 despicere
1630 3176 2010 3262 creditur,

325 3322 328 3326 f
409 3290 538 3333 nec:
574 3280 708 3336 tam
743 3294 810 3337 se
852 3274 1216 3361 majorem,
1262 3292 1467 3361 quam
1508 3267 1823 3339 minores
1862 3296 2007 3339 cae-

282 3396 304 3406 ,
407 3366 590 3427 ieros
637 3359 881 3430 facere.

1822 3450 2013 3529 Inde
