2188 3757
356 227 498 280 110
774 207 961 274 Lu.
1011 199 1142 274 IX.
1193 207 1378 274 Cn».
1425 207 1527 276 11.

358 295 585 368 rentia
614 296 845 388 (quod
880 296 1260 368 secundum
1286 298 1636 390 posuimus
1665 307 1942 392 genus),

356 401 555 458 tanto
598 388 867 458 cautius
898 387 1268 458 dicendum
1303 401 1450 476 est,
1485 404 1742 482 quanto
1773 393 1947 464 vali·-

354 479 515 551 dius
563 479 783 550 bonos
824 477 1097 550 inhibet
1135 479 1362 572 pudor
1388 533 1407 565 ‚
1453 498 1945 573 quam-metus,

350 575 495 642 Hic
524 596 685 641 vero
711 582 941 664 tegere
969 597 1096 642 nos
1127 571 1370 661 judex,
1404 573 1591 664 quod
1622 574 1958 662 sciamus,

350 676 424 738 et
468 662 675 733 verba
709 663 775 734 vi
820 663 1118 756 quadam
1157 663 1467 734 veritatis
1508 667 1946 758 erumpentia

352 755 591 824 eredat
639 763 973 826 coercere.
1023 761 1198 824 Nam
1247 767 1506 848 quanto
1553 755 1782 827 minus
1819 771 1944 828 aut

348 847 523 940 ipsi,
578 847 649 916 in
699 872 873 940 quos
912 845 1204 916 dicimus
1231 899 1252 928 ‚
1297 860 1417 916 aut
1461 847 1770 934 judices,
1813 863 1940 926 aut

350 939 745 1008 assistentes
784 937 1061 1008 oderint
1093 937 1274 1007 hanc
1308 937 1765 1014 maledicendi
1805 940 1950 1010 las-

348 1031 597 1102 civiam
616 1083 636 1116 ‚
664 1030 717 1104 si
752 1029 946 1100 nolle
964 1055 1089 1100 nos
1109 1030 1596 1101 credant?Aut
1621 1031 1789 1124 quid
1829 1031 1946 1104 in·-

349 1135 603 1207 terest‚
644 1120 993 1228 quomodo
1054 1121 1328 1193 dicatur
1353 1175 1374 1209 ,
1410 1145 1566 1194 cum
1599 1135 1672 1194 et
1716 1148 1822 1194 res
1867 1137 1945 1196 et

344 1216 619 1284 animus
656 1212 1071 1306 intelligitur
1099 1223 1193 1282 ?...
1538 1271 1542 1275 .
1793 1266 1798 1274 .

353 1347 365 1368 ·.
438 1304 759 1376 Confinia
794 1316 955 1373 sunt
1002 1303 1118 1372 his
1151 1303 1493 1374 celebrata
1535 1303 1719 1397 apud
1754 1312 1938 1380 Grae«

348 1424 465 1468 cos
498 1396 836 1468 schemata
873 1447 895 1478 ‚
939 1417 1063 1486 per
1103 1421 1266 1487 quse
1290 1420 1399 1464 res
1431 1421 1701 1488 asperas
1745 1399 1940 1469 mol-

342 1489 477 1560 lius
526 1485 943 1582 significant.
982 1493 1160 1556 Nam
1224 1486 1729 1571 Themistocles
1773 1517 1937 1569 suav,

343 1582 506 1652 sisse
563 1579 992 1650 existimatur
1030 1577 1572 1650 Atheniensibus
1606 1631 1626 1665 ‚
1695 1593 1774 1650 ut
1814 1609 1934 1653 ur-

339 1673 497 1744 bem
520 1669 703 1764 apud
723 1670 891 1743 deos
906 1671 1368 1764 deponerent3
1386 1670 1657 1765 <1)quia
1678 1672 1933 1746 durum

340 1780 488 1838 erat
536 1765 764 1835 dicere
808 1815 829 1848 ‚
892 1775 969 1830 ut
1023 1762 1494 1855 relinquerent
1539 1788 1560 1846 ;
1617 1775 1686 1833 et
1729 1815 1748 1850 ‚
1803 1767 1928 1858 qui

336 1857 665 1930 victorias
713 1878 956 1925 aureas
1025 1853 1096 1923 in
1157 1880 1352 1925 usum
1409 1851 1574 1925 belli
1631 1856 1926 1930 conflari

334 1948 643 2033 volebat,
680 1948 777 2017 ita
808 1944 1228 2031 declinavit,
1277 1951 1568 2017 victoriis·
1606 1949 1922 2019 utendum

334 2066 494 2113 esse.
552 2046 813 2131 Totum
864 2051 1093 2107 autem
1127 2038 1475 2129 allegor-im
1507 2037 1730 2109 simile
1773 2053 1928 2130 est,

334 2132 527 2204 aliud
567 2132 841 2216 dicere,
896 2128 1088 2200 aliud
1135 2130 1433 2223 intelligi
1487 2129 1689 2201 velle.

428 2225 810 2313 Quaesitum
856 2221 1065 2291 etiam
1132 2234 1232 2291 est
1269 2273 1289 2307 ‚
1364 2222 1710 2313 quomodo
1736 2248 1925 2295 eon-

330 2327 439 2384 tra
479 2315 731 2407 figuras
780 2310 1182 2402 responderi
1249 2324 1586 2403 oporteat.
1645 2318 1738 2383 Et
1769 2316 1924 2409 qui,-

331 2406 491 2477 dam
532 2429 797 2498 semper
834 2428 916 2471 ex
966 2401 1236 2473 diverso
1285 2402 1690 2495 aperiendas
1728 2419 1928 2499 puta.-

326 2511 579 2569 verunt
602 2550 621 2585 ‚
682 2494 859 2567 sicut
892 2494 1177 2569 latentia
1207 2493 1374 2566 vitia
1407 2495 1922 2569 rescinduntur.

327 2590 543 2684 quue
571 2614 730 2661 sane
764 2586 1316 2679 frequentissime
1347 2586 1742 2662 faciendum
1777 2601 1926 2677 est}

329 2684 537 2753 aliter
582 2681 768 2752 enim
816 2678 990 2749 dilui
1056 2679 1328 2770 objecta
1386 2704 1530 2748 non
1587 2694 1911 2786 possunt,

327 2774 569 2866 utique
602 2798 757 2841 cum
780 2771 1067 2864 quaestio
1105 2770 1176 2841 in
1214 2798 1298 2848 eo
1325 2771 1688 2858 consistit,
1733 2773 1922 2865 quod

327 2864 559 2957 figurae
618 2872 885 2953 petunt.
956 2868 1049 2931 At
1107 2886 1263 2931 cum
1331 2862 1694 2937 maledicta
1754 2877 1917 2935 sunt

325 2968 595 3026 tantum
635 3006 652 3036 ‚
709 2976 849 3025 non
930 2951 1321 3045 intelligere
1384 2952 1659 3027 interim
1714 2954 1914 3028 bona

328 3044 763 3119 conscientia:
796 3054 917 3113 est.
948 3048 1174 3137 Atque
1218 3044 1424 3115 etiam
1463 3070 1619 3116 cum
1651 3046 1914 3129 fuerint

326 3137 710 3209 crebriores
760 3135 1034 3227 figurae,
1097 3162 1304 3229 quam
1359 3149 1436 3206 ut
1491 3137 1914 3210 dissimulari

324 3228 628 3320 possint,
685 3226 1172 3319 postulandum
1205 3242 1354 3319 est,
1397 3242 1476 3300 ut
1528 3228 1705 3301 illud
1755 3234 1914 3329 nes-⁸

320 3368 331 3377 ·
392 3350 477 3421 (i)
504 3350 637 3405 vide
656 3351 839 3404 Herod.
866 3351 953 3403 lib.
988 3368 1037 3421 7.
1141 3382 1152 3393 ·
