2188 3757
383 268 518 344 384
795 266 965 331 Lus.
1015 265 1199 332 XII.
1246 266 1441 331 CAr.
1488 266 1580 331 X.

379 351 618 423 ventos
655 374 693 418 a
745 352 998 422 otidem
1023 351 1979 445 mundicardinibusaccepi-·

379 470 528 513 mus
558 440 752 529 flare,
781 470 932 512 cum
971 443 1245 513 interim
1273 443 1549 535 plurimi
1578 444 1784 513 medii
1816 472 1955 515 eo.-

377 560 529 605 rum
578 584 597 618 ,
657 535 984 620 varietate
1039 536 1399 625 regionum
1460 561 1539 605 ac
1585 534 1951 607 fluminum

377 616 666 721 proprie*
697 625 1322 719 deprehendantur.
1354 628 1743 720 Eademque
1799 654 1953 697 mu-

379 718 534 789 sicis
573 718 749 788 ratio
773 731 904 802 est,
937 718 1052 811 qui
1079 744 1233 787 cum
1256 718 1327 786 in
1352 717 1613 787 cithara
1640 718 1947 812 quinque

377 806 886 881 constituerunt
923 834 1150 890 sonos,
1191 810 1485 901 plurima
1540 808 1789 879 deinde
1832 836 1951 879 va-

376 900 620 972 rietate
673 899 1016 992 complent
1080 900 1297 991 spatia
1353 900 1470 969 illa
1536 926 1903 971 nervorum
1926 954 1948 987 ‚

375 1006 577 1085 atque
604 991 732 1074 iis,
767 1018 934 1083 quos
985 992 1583 1083 interposuerunt,
1630 992 1975 1062 inserunt-

375 1083 568 1170 εἰὶσε,
601 1095 673 1153 ut
699 1083 897 1174 pauci
933 1082 1034 1153 illi
1064 1082 1389 1153 transitus
1414 1083 1669 1153 multos
1691 1082 1949 1175 gradus
2032 1108 2047 1137 '-

374 1174 698 1246 habeant.
945 1173 951 1241 j

359 1314 382 1343 1
447 1268 687 1337 Plures
707 1263 917 1355 igitur
933 1264 1138 1335 etiam
1149 1264 1553 1357 eloquentiae
1573 1264 1798 1349 facieS‚
1820 1268 1950 1339 sed

374 1358 850 1428 stultissimum
885 1381 1223 1447 quaerere,
1258 1357 1345 1425 ad
1380 1383 1581 1449 quam
1628 1370 1947 1430 recturus

373 1476 442 1519 se
470 1450 556 1519 s-it
581 1458 852 1530 orator3
886 1472 1036 1515 cum
1065 1448 1285 1521 omnis
1312 1448 1591 1538 speciem,
1618 1474 1761 1540 quae
1796 1476 1947 1520 mo-

371 1540 464 1611 do
508 1548 692 1609 reeta
711 1550 864 1621 est,
907 1537 1157 1607 habeat
1192 1565 1423 1621 usum,
1472 1552 1673 1631 atque
1709 1538 1779 1609 id
1836 1542 1947 1634 ip-

373 1657 522 1701 sum
548 1657 748 1701 omne
793 1630 881 1698 sit
908 1630 1232 1714 oratoris»,
1278 1633 1461 1723 quod
1494 1631 1697 1723 vulgo
1724 1642 1945 1721 genus

366 1724 638 1799 dicendi
673 1734 940 1790 vocant.
982 1728 1233 1791 Utetur
1266 1723 1479 1804 enim,
1515 1735 1589 1805 ut
1632 1748 1737 1791 res
1784 1725 1947 1793 exi-

368 1827 524 1907 get,
559 1811 912 1894 omnibus,
961 1837 1088 1880 nec
1128 1837 1251 1902 pro
1296 1837 1501 1881 causa
1530 1812 1767 1896 modo,
1818 1815 1945 1886 sed

365 1918 434 1973 et
461 1929 582 1994 pro
608 1902 914 1994 partibus
939 1925 1176 1972 causoe.
1197 1909 1397 1988 Nam,
1434 1915 1505 1972 ut
1536 1930 1677 1974 non
1694 1905 1945 1978 eodem

364 1995 570 2066 modo
618 2019 742 2087 pro
793 2017 911 2062 reo
972 1993 1251 2084 eapitis,
1302 2006 1371 2062 et
1398 1976 1500 2064 kin
1564 1999 1941 2069 certamine

361 2085 766 2156 hereditatis
787 2138 806 2170 ‚
840 2098 907 2154 et
937 2085 1022 2154 de
1043 2086 1411 2156 mlerdictz's
1440 2111 1527 2158 ac
1568 2093 1965 2177 sponsioni-¹.

361 2177 520 2263 bus,
556 2191 624 2247 et
657 2176 738 2246 de
763 2188 939 2246 certa
974 2203 1044 2246 re
1065 2178 1317 2248 credita
1360 2175 1589 2262 dicet;
1646 2193 1947 2250 senten-

359 2269 612 2338 tiarum
653 2269 724 2336 in
750 2280 1014 2351 senatu,
1045 2281 1115 2337 et
1141 2269 1549 2338 concionum
1570 2321 1589 2352 ‚
1624 2281 1691 2338 et
1719 2272 1945 2360 priva·-

359 2371 587 2429 torum
615 2357 1052 2427 consiliorum
1073 2359 1371 2428 servabit
1386 2359 1940 2450 discrimina;(1')

359 2451 569 2520 vitam
589 2474 666 2517 ex
689 2448 1072 2518 differentia
1106 2475 1571 2540 personarum,
1601 2451 1947 2541 locorum,

356 2553 874 2634 temporumque
913 2541 1205 2611 mutabit
1239 2569 1253 2610 ε
1290 2541 1384 2612 ita
1417 2542 1487 2611 in
1522 2542 1758 2614 eadem
1786 2572 1943 2616 ora-

355 2633 545 2700 tione
585 2639 684 2716 (2)
710 2632 910 2701 aliter
939 2633 1374 2716 conciliabit,
1402 2659 1541 2704 non
1576 2660 1656 2704 ex
1686 2635 1940 2708 iisdem

359 2723 776 2814 (3)pa1·tibus
805 2723 970 2792 iram
993 2777 1012 2807 ‚
1046 2738 1114 2794 et
1144 2725 1675 2796 misericordiam
1698 2739 1935 2816 petet:

351 2815 522 2884 alias
557 2813 641 2882 ad
687 2813 1109 2900 docendum,
1160 2815 1463 2885 alias.ad
1514 2819 1939 2891 movendum

353 2902 719 2976 adhibebit
753 2918 951 2974 artes.
977 2913 1133 2976 Non
1178 2933 1355 2977 unus
1398 2906 1589 2977 color
1604 2916 1937 3000 prooemii,

379 3107 386 3115 ·
419 3083 500 3146 (ι)
533 3078 756 3131 vivendi
775 3077 1028 3130 rationem.
1059 3081 1265 3146 Argent.
1289 3081 1461 3132 Editio
1486 3081 1665 3143 habet:
1686 3085 1859 3137 multa.
1957 3140 1967 3152 ,

415 3163 501 3229 (α)
530 3161 785 3213 Omissum
813 3160 1006 3212 videtur
1030 3161 1117 3213 hic
1136 3161 1349 3238 aiiquid.
1373 3163 1545 3214 Aliter
1568 3165 1898 3228 Inflammabit
1912 3208 1937 3236 ‚

268 3272 273 3278 .
348 3229 490 3280 aliter
524 3227 818 3276 conciliabit.
857 3227 1102 3296 Repetitio
1140 3227 1359 3295 ejusdem
1384 3231 1519 3282 vocis
1550 3231 1729 3299 aliter,
1760 3235 1935 3302 potuit

345 3295 447 3344 hoc
471 3293 712 3374 mentium
739 3292 997 3344 inducere.

414 3375 510 3442 (3)
543 3377 622 3426 Ex
647 3373 827 3426 iisdem
845 3375 984 3426 locis.

663 3465 670 3474 '
1472 3453 1889 3522 narrationis
1906 3505 1931 3538 ‚
