2188 3757
369 170 504 237 206
806 171 973 234 Ltn.
1029 169 1121 234 X.
1168 168 1358 233 Car.
1406 169 1546 234 111.

453 253 902 326 Scribendum
937 280 1102 348 ergo
1142 279 1341 346 quam
1370 254 1935 348 dilig-entissime,-

365 361 434 416 et
464 371 666 439 quam
699 346 1094 438 plurimum.
1125 353 1296 414 Nam
1322 397 1343 427 .,
1390 358 1463 415 ut
1498 359 1680 416 terra
1728 347 1935 418 altius

364 437 604 508 effossa
661 437 1068 529 generandis
1120 436 1518 530 alendisque
1561 437 1939 508 seminibus

360 527 727 598 fecundior
755 545 854 599 est
880 555 902 612 ;
937 531 1036 599 sic
1070 530 1417 622 profectus
1443 553 1581 597 non
1608 555 1647 596 a
1674 555 1941 598 summo.

363 620 658 713 petitus,
709 619 1092 690 studiorum
1136 622 1397 689 fructus
1439 619 1732 690 effundit
1770 620 1939 705 ube-5

362 711 528 792 rim,
563 725 629 782 et
658 709 928 782 fidelius
947 712 1277 782 continet.
1297 717 1493 794 Nam,
1524 712 1671 780 sine
1698 711 1941 794 hano)

413 802 643 874 uidem
677 803 1094 872 conscientia
1120 855 1139 886 ‚
1190 804 1337 894 ipsa
1368 802 1487 881 illa
1520 828 1601 871 ex
1632 815 1937 894 tempore

363 828 638 964 dicendi
693 893 974 964 facultas
1007 893 1285 964 inanem
1328 894 1530 964 modo
1566 892 1939 985 loquacita-

360 996 501 1054 tem
548 983 786 1067 dabit,
825 997 893 1054 et
939 985 1147 1056 verba
1195 985 1266 1074 in
1306 984 1515 1054 labris
1565 985 1936 1055 nascentia.

361 1075 513 1146 Illic
545 1076 842 1161 radices.
875 1075 1023 1147 illic
1053 1075 1498 1147 fundamenta
1538 1087 1697 1144 sunt
1736 1103 1753 1143 ε
1794 1075 1937 1146 illic

361 1192 528 1272 opes
548 1167 734 1236 vetut
759 1168 1100 1240 sanctiore
1124 1167 1417 1260 quodam
1444 1167 1682 1238 aerario
1703 1190 1939 1238 recon-

359 1257 555 1342 ditae,
593 1257 774 1328 unde
807 1258 892 1327 ad
925 1258 1189 1327 subitos
1220 1285 1491 1351 quoque
1520 1283 1750 1344 casus,
1778 1281 1933 1329 cum

359 1367 468 1418 res
499 1349 757 1439 exiget,
791 1349 1250 1452 proferantur.

452 1437 652 1508 Vires
697 1429 1025 1508 faciamus
1061 1451 1219 1508 ante
1262 1438 1531 1523 omnia,
1564 1464 1713 1531 quae
1750 1439 1939 1508 suffia

359 1527 545 1600 ciant
607 1529 823 1599 labori
889 1529 1338 1600 certaminum
1374 1581 1391 1615 ‚
1466 1542 1533 1599 et
1600 1555 1721 1598 usu
1798 1554 1937 1598 non

358 1619 870 1690 exhauriantur.
903 1619 1092 1692 Nihil
1144 1622 1327 1690 enim
1374 1635 1600 1692 rerum
1636 1621 1783 1712 ipsa
1816 1645 1935 1690 na-

357 1724 514 1781 tura
558 1712 776 1782 voluit
830 1739 1149 1803 magnum
1200 1711 1373 1782 effici
1428 1712 1611 1795 cito,
1660 1736 1937 1804 praepo-

359 1803 628 1895 suitque
680 1801 1141 1895 pulcherrimo
1200 1805 1443 1896 cuique
1509 1803 1698 1897 operi
1758 1803 1937 1881 diffi-

357 1895 720 1977 cultatem3
764 1920 910 1986 quae
961 1896 1283 1965 nascendi
1320 1920 1591 1987 quoque
1626 1894 1808 1965 hanc
1840 1897 1936 1965 fe·-

355 1984 528 2054 cerit
576 1984 829 2077 legem,
884 1996 958 2053 ut
1001 1991 1254 2075 majora
1300 1984 1623 2056 animalia
1672 1985 1935 2057 diutius

353 2075 730 2146 visceribus
771 2089 1132 2169 parentum
1176 2079 1718 2147 continerentur.

443 2174 526 2237 11.
549 2167 679 2237 Sed
694 2190 846 2237 cum
869 2168 954 2237 sit
983 2168 1071 2237 du
1132 2169 1232 2239 lex
1253 2169 1557 2263 quaesti0‚
1579 2168 1933 2260 quomodo,

351 2270 418 2328 el
440 2284 582 2349 quoe
622 2260 905 2329 maxime
944 2196 1147 2329 scriBi
1184 2272 1530 2353 oporteat,
1582 2264 1715 2350 jam
1768 2259 1933 2329 hinc

357 2355 459 2435 (2)
511 2349 822 2419 ordinem
865 2375 932 2419 se
989 2375 1130 2419 uar.

443 2439 546 2509 Sit
599 2439 820 2531 primo
874 2377 978 2510 vei

350 2531 566 2624 stylus
603 2558 616 2601 ε
669 2550 1044 2623 quaeramus
1087 2533 1344 2625 optima
1383 2586 1402 2616 ‚
1440 2559 1567 2602 nec
1622 2533 1929 2625 protinus

350 2646 420 2690 se
488 2623 934 2693 offerentibus
989 2624 1405 2716 gaudeamus
1448 2651 1464 2693 ε
1518 2610 1931 2693 adhibeatur

343 2712 684 2802 judicium
750 2715 1046 2784 inventis
1084 2769 1101 2799 ‚
1176 2715 1549 2807 dispositio·
1602 2714 1924 2805 probatis.

343 2801 674 2870 Deiectus
695 2804 875 2873 enim
901 2828 1123 2875 rerum
1142 2806 1639 2899 verborumque
1664 2805 1928 2875 haben-⁴

343 2890 473 2962 dus
525 2905 669 2975 est,
727 2906 793 2961 et
845 2896 1149 2986 pondera
1200 2897 1632 2989 singulorum
1676 2894 1926 2967 exami-

413 3034 490 3103 (1)
521 3034 627 3112 Nisi
657 3036 774 3102 quis
800 3034 895 3113 ⁵.ibi
919 3035 1147 3086 conscius
1174 3036 1239 3085 sit
1270 3054 1320 3085 se
1344 3038 1553 3086 multum
1580 3036 1631 3085 in
1662 3032 1925 3085 scribendo

343 3090 560 3152 laborem
589 3118 924 3167 lnsumpsxsse.

414 3166 492 3243 (2)
525 3166 736 3217 Primam
761 3165 1094 3233 quaes-tionem,
1118 3184 1299 3234 nempe
1318 3168 1431 3233 quis
1459 3168 1523 3216 sit
1544 3164 1719 3216 modus
1739 3174 1785 3213 et
1804 3162 1924 3211 ordo

340 3232 593 3283 scabendi
613 3272 632 3296 ‚
669 3230 860 3282 tractat·
872 3230 972 3281 'hoc
1021 3232 1184 3299 capite
1208 3250 1219 3282 :
1242 3232 1423 3302 quinto
1462 3234 1655 3285 alten-am
1680 3269 1694 3298 ,
1743 3244 1921 3297 nempe

341 3312 454 3365 qua
472 3298 688 3350 maxime
713 3296 866 3350 sca-ibi
889 3310 1125 3366 oporteat.

1039 2440 1319 2525 tardus,
1377 2441 1538 2511 dum
1586 2439 1883 2532 diligens
1911 2418 1947 2523 ,’

2154 1421 2156 1442 Ι

2154 1473 2156 1488 Ι

2154 1505 2156 1538 ἓ

2152 1557 2157 1568 0

2040 1972 2053 1979 ’
2147 1934 2155 2165 t
