2188 3757
375 205 509 288 378
742 203 931 268 Lm.
978 201 1164 268 ΧΗ.
1213 202 1400 266 Car.
1454 201 1546 267 X.

376 289 535 360 addi
565 289 798 381 possit,
832 288 1136 374 invenio,
1163 288 1302 372 ‚nisi
1343 294 1444 372 (1)
1469 298 1544 358 ut
1569 310 1804 356 sensus
1824 311 1954 356 nos

367 380 653 475 'quidem
684 380 991 452 dicamus
1020 379 1270 472 plures.
1304 387 1540 474 Neque
1582 379 1765 448 enim
1799 375 1953 448 fieri

295 500 301 506 ’
376 485 598 566 potest
630 473 814 542 salva
844 472 1254 542 tractatione
1299 497 1518 542 causoe
1548 482 1618 540 et
1669 467 1952 540 dicendi
1985 511 1992 516 ·

374 563 781 634 auctoritate
804 617 823 646 ‚
857 565 911 633 si
948 563 1185 634 crebra
1219 562 1360 634 haec
1389 562 1651 633 lumina
1683 573 1750 634 et
1785 587 1954 630 con-

370 657 567 726 tinua
616 655 918 740 suerint,
957 666 1032 723 ut
1064 681 1208 726 non
1244 655 1536 726 invicem
1567 651 1950 722 offecerint.

466 747 599 832 Sed
625 774 731 816 me
770 747 1104 816 hactenus
1152 746 1506 816 cedentem
1565 769 1764 815 nemo
1821 743 1952 812 in-

364 850 699 931 sequatur
720 838 895 907 ultra
934 865 950 906 :
984 837 1075 907 do
1107 836 1440 928 tempori,
1475 863 1560 907 ne
1587 861 1808 908 crassa
1841 847 1945 908 to:

372 954 455 1021 ga
487 930 613 1015 sit,
648 955 789 1000 non
832 927 1092 1013 serica3
1145 953 1232 998 ne
1283 928 1633 998 intonsum
1689 939 1892 1018 caput
1923 977 1950 1012 ‚

370 1046 513 1090 non
538 1020 615 1092 in
630 1021 888 1112 gradus
908 1033 1112 1113 atque
1139 1019 1448 1090 annulos
1479 1031 1699 1088 totum
1725 1043 1953 1109 comp-

368 1123 517 1181 tum
542 1137 564 1196 ;
588 1139 743 1188 cum
778 1111 957 1182 ineo
993 1165 1013 1196 ‚
1058 1111 1176 1205 qui
1205 1138 1272 1180 se
1307 1137 1445 1182 non
1487 1109 1574 1182 ad
1608 1109 1952 1179 luxuriam

370 1226 451 1272 ac
481 1201 842 1274 libidinem
877 1203 1178 1287 referat,
1235 1202 1472 1272 eadem
1534 1200 1953 1294 speciosiora

370 1319 643 1386 quoque
676 1294 842 1377 sint,
876 1321 1022 1388 quae
1058 1294 1475 1364 honestiora.
1509 1359 1514 1364 .

460 1391 792 1454 Caeterum
814 1385 943 1454 hoc
959 1438 979 1470 ‚
1006 1384 1193 1479 quod
1214 1386 1418 1478 vulgo
1443 1386 1795 1462 sententias
1825 1409 1948 1453 vo-

366 1500 599 1545 camus
634 1475 1031 1558 (veteribus
1065 1477 1538 1570 praecipueque
1569 1474 1821 1546 Graecis
1870 1475 1950 1546 in

368 1591 493 1635 usu
532 1593 673 1636 non
729 1567 894 1652 fuit,
932 1567 1118 1666 apud
1150 1569 1550 1638 Ciceronem
1607 1566 1946 1652 invenio)

362 1655 533 1727 dum
576 1684 718 1728 rem
740 1659 1180 1743 contineant,
1214 1671 1280 1732 et
1307 1659 1502 1751 copia
1527 1684 1666 1728 non
1697 1655 1950 1728 redun-

367 1747 564 1831 dent,
598 1762 665 1817 et
690 1751 777 1819 ad
818 1749 1172 1820 victoriam
1204 1761 1509 1842 spectent
1539 1802 1556 1833 ‚
1593 1748 1754 1840 quis.
1772 1747 1944 1818 utile

364 1850 568 1936 neget
605 1850 636 1910 P
660 1839 945 1909 Feriunt
990 1840 1293 1909 animum
1320 1893 1338 1924 ‚
1366 1851 1432 1909 et
1461 1865 1599 1911 uno
1635 1840 1773 1910 ictu
1809 1838 1948 1909 fre-

364 1929 1039 2037 quenterimpellunt
1064 1983 1081 2011 ,
1118 1941 1186 1999 et
1229 1931 1376 2023 ipsa
1423 1930 1758 2001 brevitate
1793 1956 1951 2001 ma·-

362 2046 469 2113 gns
501 2020 801 2106 haerent,
832 2034 898 2090 et
930 2020 1236 2092 dictione
1277 2022 1711 2114 persuadent.

452 2118 555 2181 Ac
594 2114 792 2196 sunt,
827 2112 944 2204 qni
978 2111 1122 2183 haeh
1173 2114 1570 2183 excitatiora
1627 2113 1887 2183 lumina
1922 2164 1945 2198 ‚

363 2203 629 2281 etiamsi
692 2202 921 2273 dicere
960 2204 1395 2295 permittant,
1431 2230 1467 2274 a
1509 2228 1945 2297 componen-

362 2292 469 2363 dis
499 2306 727 2363 tamen
762 2295 1194 2365 orationibus
1253 2295 1673 2366 excludenda
1737 2295 1943 2365 arbi-

362 2397 652 2454 trentur.
684 2386 1024 2472 Quocirca
1058 2386 1229 2456 mihi
1257 2413 1342 2456 ne
1377 2386 1491 2457 hic
1519 2386 1797 2479 quidem
1838 2386 1946 2455 lo·

364 2500 483 2544 cus
514 2475 811 2545 intactus
836 2489 935 2545 est
966 2478 1390 2547 omittendus
1415 2532 1434 2563 ‚
1468 2478 1653 2571 quod
1701 2478 1941 2569 plures

360 2566 786 2637 eruditorum
829 2568 1031 2637 aliam
1079 2595 1222 2639 esse
1249 2569 1524 2639 dicendi
1579 2570 1942 2654 rationem,

359 2656 567 2729 aliam,
616 2656 957 2729 scribendi
1008 2672 1465 2750 putaverunt3
1517 2660 1807 2754 ideoque
1861 2660 1942 2731 in

288 2802 293 2807 .
360 2749 629 2840 agendo
673 2750 1083 2821 clarissimos
1117 2751 1447 2845 quosdam
1481 2750 1658 2821 nihil
1693 2764 1941 2843 poste-

360 2839 543 2909 ritati
580 2841 1049 2935 mansurisque
1080 2870 1234 2912 mox
1259 2843 1504 2914 litteris
1536 2843 1941 2934 reliquisse,

358 2944 436 2999 ut
468 2931 821 3001 Periclem
874 2947 944 3003 et
986 2934 1412 3023 Demadem3
1477 2960 1712 3005 rursus
1763 2933 1942 3005 alios

357 3022 446 3090 ad
500 3024 1075 3116 'componendum
1143 3027 1439 3115 optimos
1475 3079 1494 3109 ,
1557 3026 1936 3097 actionibus

357 3112 642 3191 idoneos
672 3141 811 3207 non
845 3115 1051 3187 fuisse
1073 3170 1091 3200 .,
1126 3130 1202 3187 ut
1233 3124 1595 3187 Isocratem
1624 3142 1652 3203 3
1699 3129 1939 3208 praete·

354 3226 469 3273 rea
506 3203 575 3272 in
610 3207 874 3296 agendo
895 3206 1049 3307 plus
1082 3209 1374 3301 impetus
1409 3236 1602 3301 posse
1631 3208 1935 3303 plerum-

418 3325 443 3392 (
464 3342 484 3376 ι
510 3328 535 3392 )
565 3328 669 3379 Alii
694 3330 886 3397 legunt:
903 3348 967 3381 ne
984 3336 1244 3401 siseris-1⁴⁸,
1269 3344 1359 3384 etc.

2136 2422 2154 2641 a—ss——
2148 2386 2156 2407 Α
2155 2318 2157 2332 Ὰ
2152 2292 2157 2301 ¹
2133 2155 2139 2163 ¹
