2188 3757
320 293 472 379 376,
733 290 907 356 Lm.
953 288 1133 355 xu.
1184 272 1377 355 ΟΛ».
1426 290 1517 354 x.
1667 362 1673 366 ,

323 406 462 450 non
491 378 651 449 satis
675 391 806 461 est,
832 402 970 469 quo
995 375 1237 445 melius
1268 401 1409 446 esse
1430 376 1604 446 nihil
1628 386 1904 474 potest?

414 478 526 541 111.
552 468 662 539 Ad
691 468 822 539 hoc
839 466 1115 559 quidam
1150 467 1409 537 nullam
1442 484 1585 537 ess'e
1619 480 1900 542 natura·
1933 488 1952 493 ⁴

323 562 457 633 lem
479 573 720 653 putant
736 558 1222 650 eloquentiam,
1240 558 1370 630 nisi
1392 585 1536 652 quae
1560 558 1647 628 sit
1672 560 1907 653 quoti-2

323 654 533 723 diano
565 651 863 723 sermoni
897 650 1281 735 simillima,
1328 676 1463 743 quo
1507 676 1661 720 cum
1711 650 1904 721 ami-

269 770 278 777 ·
323 744 421 815 cis
446 797 466 828 ‚
489 742 936 836 conjugibu5‚
975 740 1244 826 liberis,
1272 742 1481 811 servis
1515 740 1905 835 loquimur,

325 836 632 906 contenti
681 858 990 926 promere
1038 832 1247 901 animi
1286 832 1744 917 voluntatem,
1776 834 1907 901 ni·-

319 924 556 1020 hilque
591 924 897 995 accersiti
943 934 1012 992 et
1059 924 1390 992 elaborati
1432 924 1858 1015 requirentes
1874 949 1905 1010 ;

321 1017 652 1111 quicquid
686 1016 821 1085 huc
853 1016 940 1085 sit
985 1013 1326 1102 adjectum
1350 1066 1369 1097 ‚
1406 1013 1478 1083 id
1520 1040 1663 1083 esse
1698 1016 1907 1085 affec-

322 1110 648 1193 tationiS‚
703 1120 773 1177 et
819 1105 1190 1175 ambitiosae
1236 1106 1309 1176 in
1344 1104 1692 1198 loquendo
1746 1111 1907 1196 jac-

320 1201 552 1269 tantiae
579 1253 599 1285 ‚
657 1212 990 1269 remotum
1025 1210 1096 1265 ‘a
1142 1197 1427 1267 veritate
1453 1250 1471 1281 ‚
1528 1194 1903 1291 fictumque

322 1289 626 1382 ipsor'um
675 1290 891 1382 gratia
934 1287 1295 1357 verborum
1322 1341 1341 1371 ‚
1396 1285 1645 1382 quibus
1679 1288 1906 1359 solum

322 1406 359 1449 a
399 1393 643 1450 natura
687 1382 773 1449 sit
814 1379 1115 1449 officium
1150 1378 1557 1460 attributum
1585 1431 1604 1464 ‚
1647 1380 1909 1451 servire

321 1470 847 1556 sensibus3sicut
871 1468 1279 1539 athletarum
1304 1470 1909 1562 corpora‚etiamsi

320 1562 655 1634 validiora
690 1561 859 1631 fiant
887 1560 1373 1631 exercitatione
1396 1614 1415 1646 .,
1450 1575 1519 1630 et
1547 1560 1694 1655 lege
1734 1588 1907 1654 qua-

321 1653 475 1731 dam
513 1654 824 1723 ciborum
848 1708 867 1737 ‚
904 1679 1045 1723 non
1078 1666 1305 1722 tamen
1344 1679 1486 1723 esse
1520 1654 1907 1741 naturalia,
1936 1654 1943 1657 ’

217 1778 236 1784 -
321 1730 524 1837 atque
553 1745 637 1814 ab
665 1745 782 1815 illa
827 1745 1051 1835 specie
1078 1796 1097 1828 ‚
1133 1770 1277 1835 quae
1306 1744 1396 1813 sit
1422 1770 1742 1814 concessa
1775 1744 1903 1815 ho-

319 1834 653 1918 minibus,
681 1834 1073 1904 abhorrere.
1101 1834 1289 1920 Quid
1315 1835 1521 1918 enim,
1549 1836 1905 1929 inquiunt,
1956 1915 1961 1918 ,

321 1927 566 1994 attinet
600 1928 872 1993 circuitu
923 1949 1028 1994 res
1065 1924 1427 1994 ostendere
1455 1978 1473 2012 ,
1508 1939 1577 1996 et
1606 1927 1903 1998 transla-

318 2016 644 2102 tionibus,
678 2015 750 2086 id
785 2027 886 2086 est
913 2068 930 2100 ‚
963 2023 1082 2084 a'ut
1106 2015 1419 2109 pluribus
1444 2070 1461 2100 ,
1508 2016 1628 2086 aut
1652 2019 1903 2089 alienis

318 2108 545 2178 verbis
571 2162 590 2194 ‚
625 2133 779 2200 cum
806 2133 926 2177 sua
958 2108 1206 2214 cuique
1240 2107 1378 2177 sint
1410 2109 1748 2200 assignata
1779 2137 1904 2180 no-

321 2200 558 2268 mina?
607 2203 929 2292 Denique
975 2199 1523 2291 antiquissimum
1556 2225 1900 2294 quemque

320 2292 605 2360 maxime
650 2290 1024 2360 secundum
1073 2303 1384 2359 naturam
1434 2290 1679 2360 dixisse
1734 2319 1904 2362 cou-

236 2421 245 2426 -
318 2381 658 2465 tendunt,
699 2407 851 2450 mox
896 2381 1117 2473 poetis
1160 2380 1521 2452 similiores
1565 2382 1899 2470 extitisse,

321 2472 586 2542 etiamsi
641 2472 910 2562 parcius
936 2523 954 2557 ,
1014 2471 1219 2541 simili
1277 2485 1505 2542 tamen
1563 2473 1832 2544 ratione
1880 2528 1901 2561 ‚

320 2563 596 2633 salsa-et
637 2563 1008 2655 improprie
1065 2562 1350 2632 virtutes
1384 2569 1487 2648 (1)
1544 2563 1899 2670 ducentes.

415 2661 571 2741 Qua
603 2654 673 2723 in
706 2654 1171 2744 disputatione
1200 2655 1519 2724 nonnihil
1564 2674 1707 2725 veri
1752 2671 1855 2726 est
1878 2687 1919 2744 ,-

322 2743 613 2837 ideoque
657 2770 799 2814 non
831 2757 968 2814 tam
1001 2745 1279 2838 procul,
1313 2772 1513 2838 quam
1556 2745 1635 2816 fit
1670 2773 1707 2815 a
1743 2749 1902 2841 qui·—

321 2835 610 2905 busdam
643 2889 662 2918 ‚
735 2835 1195 2906 recedendum
1252 2863 1291 2905 a
1354 2838 1650 2928 propriis
1696 2839 1905 2932 atque

323 2925 905 3016 communibusfii
933 2928 1084 3030 quis
1106 2939 1329 2998 tamen
1362 2934 1475 3010 (ut
1494 2928 1564 2997 in
1594 2928 1714 2998 illo
1744 2929 1927 3002 loco.

323 3017 458 3087 dixi
497 3016 1046 3111 compositionis)
1079 3018 1167 3086 ad
1201 3019 1609 3102 necessaria,
1644 3019 1899 3112 quibus

324 3108 498 3178 nihil
536 3111 760 3179 minus
787 3119 927 3194 est,
959 3106 1222 3201 aliquid
1256 3110 1499 3180 melius
1532 3111 1903 3202 adjecerit,

387 3285 451 3346 (ι
476 3285 500 3348 )
537 3283 790 3333 Virtutum
818 3285 928 3334 loco
963 3281 1217 3333 habentes.
1248 3283 1482 3352 Quasdam
1509 3285 1899 3362 scilicet-figura}

323 3359 478 3462 effugiit
500 3347 619 3397 vitia
637 3386 651 3412 ,
671 3347 714 3396 si
725 3366 834 3464 315011
853 3359 1135 3420 peteremus*
1152 3388 1169 3420 ,
1190 3349 1279 3404 sed
1294 3349 1575 3408 acciderent
1591 3391 1609 3421 ‚
1628 3364 1685 3406 ut
1708 3369 1814 3422 lpse
1828 3354 1902 3408 ait

369 3430 389 3454 Ἃ
425 3427 529 3480 ωε,
548 3429 662 3481 pag.
691 3430 751 3466 xa
790 3448 806 3464 .
