2188 3757
265 233 278 241 -
768 184 892 251 Dr.
939 184 1286 251 Tuoms.
1578 222 1583 227 ·
1736 183 1822 263 89

237 284 391 343 erat
423 324 444 355 ,
500 270 622 343 sed
661 269 928 339 durum
986 283 1054 339 et
1105 269 1547 363 incomptum.
1586 274 1822 351 ,Poetae

237 362 526 455 quidem
582 359 790 431 etiam
836 360 1203 439 verborum
1258 361 1669 436 divisionem
1709 361 1827 431 fa-

235 456 478 539 ciunt,
521 465 592 546 et
620 453 1273 545 transgressionem:
1764 450 1775 461 ’

311 628 590 645 ......
625 592 954 660 Hyperboreo
975 606 1161 661 septem
1181 595 1397 673 suffecta
1418 598 1567 647 trioni
1583 612 1601 645 .-

1069 678 1216 745 Virg.
1234 679 1388 731 Geor.
1409 680 1440 730 1.
1462 680 1493 729 3
1508 716 1525 745 ,
1545 698 1593 731 v.
1618 679 1737 731 381.

235 792 427 887 quod
487 792 710 863 oratio
764 819 1195 887 nequaquam
1235 793 1589 885 recipiet...

331 882 762 977 Hyperbolen
809 884 1195 955 audacioris
1238 899 1517 958 ornatus
1552 910 1817 955 summo

235 974 391 1045 loco
420 976 642 1067 posui.
668 982 787 1047 Est
809 976 950 1045 haec
975 976 1355 1047 ementiens
1381 976 1815 1069 superjectio.

234 1066 478 1136 Virtus
519 1070 665 1155 ejus
697 1094 776 1139 ex
813 1068 1082 1137 diverso
1120 1092 1245 1161 par
1276 1068 1574 1161 augendi
1610 1081 1815 1159 atque

233 1156 622 1227 minuendi.
675 1159 788 1229 Fit
816 1157 1133 1252 pluribus
1168 1159 1407 1229 modiS.
1448 1164 1593 1229 Aut
1632 1158 1818 1227 enim

227 1250 390 1409 Plus
438 1248 618 1319 sacto
663 1248 954 1320 dicimus
983 1276 1000 1318 ε
1034 1250 1109 1321 V
1100 1275 1320 1321 omens
1340 1251 1595 1343 frustis
1640 1275 1819 1332 escu-

255 1344 428 1409 entis
459 1347 782 1431 gremium
820 1367 1005 1411 suum
1035 1354 1104 1411 et
1136 1351 1340 1412 tolum
1368 1340 1669 1414 tribunal
1691 1346 1817 1412 im-

225 1430 455 1525 p'levit.
492 1438 592 1517 (1)
1382 1452 1391 1459 ·

232 1531 242 1541 .
299 1571 314 1607 .·
352 1592 581 1609 .....
625 1558 922 1627 Geminique
957 1561 1209 1609 minantur
1290 1616 1297 1623 .

295 1639 366 1691 In
397 1640 572 1691 coelum
596 1641 803 1709 scopuli.
883 1640 1226 1708 Virg.Eneid.
1243 1640 1281 1691 l.
1305 1657 1327 1691 1
1343 1680 1359 1705 ‚
1381 1658 1433 1691 v.
1456 1640 1571 1691 166.

211 1728 366 1793 -Aut
399 1750 505 1794 res
536 1750 658 1817 per
691 1722 1219 1811 similitudinem
1250 1724 1663 1805 attollimus:

296 1881 574 1902 ......
619 1845 814 1902 Credas
840 1852 1014 1900 innare
1043 1848 1261 1900 revulsas

303 1913 568 1986 Cycladas.
918 1916 1073 1990 Vin-g..
1090 1916 1269 1968 Eneid.
1299 1916 1335 1969 l.
1362 1916 1393 1968 8
1410 1955 1429 1984 ,
1449 1933 1501 1966 v-
1519 1913 1611 1984 691
1624 1950 1641 1965 .

224 2020 372 2086 Aut
402 2039 527 2108 per
551 2016 1131 2109 comparationem
1160 2069 1189 2101 ‚.
1222 2029 1336 2102 ut,

293 2173 310 2190 .
347 2175 362 2190 .
402 2175 416 2190 .
455 2137 489 2195 .’
506 2177 521 2194 .
559 2176 574 2192 .
613 2175 627 2192 .
661 2139 911 2192 Fulminis
938 2143 1074 2190 ocior
1093 2141 1206 2190 alis.

875 2206 1022 2274 Virg.
1048 2206 1227 2259 Eneid.
1251 2206 1285 2260 l.
1319 2205 1349 2255 5
1368 2242 1382 2265 ,
1408 2221 1459 2258 v.
1485 2203 1601 2272 319.

221 2310 368 2376 Aut
398 2305 612 2400 signis
655 2305 846 2400 quasi
888 2305 1297 2400 quibusdam
1333 2331 1349 2375 t
1380 2291 1385 2294 ¹

290 2429 396 2480 Illa
415 2430 510 2482 vel
529 2431 730 2481 intactae
750 2434 925 2498 segetis
943 2448 1038 2498 per
1053 2448 1243 2482 summa
1262 2429 1463 2480 volaret

289 2513 535 2569 Gramina
548 2551 564 2582 ,
587 2529 676 2564 nec
705 2525 894 2564 teneras
917 2529 1064 2564 cursu
1084 2513 1295 2563 Ioesisset
1312 2516 1506 2567 aristas,

981 2597 1130 2662 Vix-g.
1153 2593 1336 2647 Eneid.
1353 2595 1389 2643 1.
1416 2611 1471 2660 7,
1498 2611 1548 2644 v.
1578 2591 1693 2646 808.

219 2695 353 2766 Vel
385 2689 821 2768 translatione
843 2749 862 2782 ‚
899 2707 977 2764 ut
1026 2694 1250 2786 ipsum
1288 2691 1463 2762 illud
1488 2691 1758 2764 volaret.
1800 2711 1811 2722 ’

241 2809 252 2820 ·
311 2787 572 2857 Crescit
605 2788 880 2858 interim
905 2783 1324 2880 Hyperbole‚
1350 2783 1483 2854 alia
1518 2784 1801 2877 insuper

219 2877 490 2962 addita3
548 2889 626 2947 ut
657 2878 896 2948 Cicero
933 2878 1006 2947 in·
1035 2875 1418 2946 Antonium
1440 2877 1645 2947 dicit:
1694 2883 1825 2960 (2)'

227 2967 394 3063 Quoe
409 2969 786 3062 Charybdis
797 2982 930 3039 tam
951 2977 1203 3040 vorax?
1219 2967 1604 3061 Charybdin
1618 2966 1765 3036 dico
1780 2974 1809 3037 'a'

217 3085 363 3151 quoe
387 3066 453 3130 si
452 3060 612 3153 fuit
635 3114 656 3146 ,
680 3061 824 3152 suit
857 3059 1120 3131 animal
1140 3085 1336 3132 unum
1368 3085 1393 3130 .-
1438 3057 1739 3129 Ocean‘us
1767 3107 1787 3144 ‚

286 3235 372 3300 (ι)
412 3255 460 3289 2.
483 3235 678 3304 Philip.
697 3235 783 3289 63.

285 3301 370 3368 (a)
402 3323 449 3357 2.
477 3303 674 3372 Philip.
708 3305 792 3372 (37.
