<?xml version="1.0" encoding="UTF-8"?>
<!DOCTYPE html PUBLIC "-//W3C//DTD XHTML 1.0 Transitional//EN"
    "http://www.w3.org/TR/xhtml1/DTD/xhtml1-transitional.dtd">
<html xmlns="http://www.w3.org/1999/xhtml" xml:lang="en" lang="en">
 <head>
  <title>
</title>
<meta http-equiv="Content-Type" content="text/html;charset=utf-8" />
  <meta name='ocr-system' content='tesseract 3.04.00' />
  <meta name='ocr-capabilities' content='ocr_page ocr_carea ocr_par ocr_line ocrx_word'/>
</head>
<body>
  <div class='ocr_page' id='page_1' title='image "./mfabiiquintilia22quingoog_0404.png"; bbox 0 0 2188 3757; ppageno 0'>
   <div class='ocr_carea' id='block_1_1' title="bbox 260 169 1959 539">
    <p class='ocr_par' dir='ltr' id='par_1_1' title="bbox 346 169 1631 256">
     <span class='ocr_line' id='line_1_1' title="bbox 346 169 1631 256; baseline 0.001 -19"><span class='ocrx_word' id='word_1_1' title='bbox 346 170 486 256; x_wconf 74' lang='lat'>394</span> <span class='ocrx_word' id='word_1_2' title='bbox 768 170 946 237; x_wconf 72' lang='lat' dir='ltr'><strong>LIB·</strong></span> <span class='ocrx_word' id='word_1_3' title='bbox 1005 169 1190 237; x_wconf 80' lang='lat' dir='ltr'><strong>XII.</strong></span> <span class='ocrx_word' id='word_1_4' title='bbox 1238 171 1423 239; x_wconf 59' lang='grc' dir='ltr'><strong>(ΖΑΒ.</strong></span> <span class='ocrx_word' id='word_1_5' title='bbox 1486 173 1631 241; x_wconf 88' lang='lat' dir='ltr'>XI.</span> 
     </span>
    </p>

    <p class='ocr_par' dir='ltr' id='par_1_2' title="bbox 260 255 1959 539">
     <span class='ocr_line' id='line_1_2' title="bbox 345 255 1956 355; baseline 0.001 -22"><span class='ocrx_word' id='word_1_6' title='bbox 345 255 550 345; x_wconf 83' lang='lat' dir='ltr'>buit,</span> <span class='ocrx_word' id='word_1_7' title='bbox 595 268 802 351; x_wconf 82' lang='lat' dir='ltr'>atque</span> <span class='ocrx_word' id='word_1_8' title='bbox 857 258 955 329; x_wconf 84' lang='lat' dir='ltr'>ita</span> <span class='ocrx_word' id='word_1_9' title='bbox 1001 284 1072 329; x_wconf 91' lang='lat' dir='ltr'>se</span> <span class='ocrx_word' id='word_1_10' title='bbox 1115 262 1565 354; x_wconf 65' lang='lat' dir='ltr'>praeparavit,</span> <span class='ocrx_word' id='word_1_11' title='bbox 1618 286 1704 331; x_wconf 88' lang='lat' dir='ltr'>ne</span> <span class='ocrx_word' id='word_1_12' title='bbox 1749 265 1956 355; x_wconf 77' lang='lat' dir='ltr'>cujus</span> 
     </span>
     <span class='ocr_line' id='line_1_3' title="bbox 260 351 1957 445; baseline 0.004 -26"><span class='ocrx_word' id='word_1_13' title='bbox 260 416 266 419; x_wconf 83' lang='grc'><strong>,</strong></span> <span class='ocrx_word' id='word_1_14' title='bbox 351 351 636 423; x_wconf 81' lang='lat' dir='ltr'>alterius</span> <span class='ocrx_word' id='word_1_15' title='bbox 670 377 798 443; x_wconf 87' lang='lat' dir='ltr'>ope</span> <span class='ocrx_word' id='word_1_16' title='bbox 834 365 1068 445; x_wconf 83' lang='lat' dir='ltr'>egeret</span> <span class='ocrx_word' id='word_1_17' title='bbox 1096 406 1119 439; x_wconf 84' lang='lat'>‚</span> <span class='ocrx_word' id='word_1_18' title='bbox 1150 378 1323 424; x_wconf 86' lang='lat' dir='ltr'>neve</span> <span class='ocrx_word' id='word_1_19' title='bbox 1356 353 1566 423; x_wconf 85' lang='lat' dir='ltr'>ullius</span> <span class='ocrx_word' id='word_1_20' title='bbox 1596 354 1743 441; x_wconf 79' lang='lat' dir='ltr'>rei3</span> <span class='ocrx_word' id='word_1_21' title='bbox 1775 363 1957 427; x_wconf 80' lang='lat' dir='ltr'>Gor-</span> 
     </span>
     <span class='ocr_line' id='line_1_4' title="bbox 353 443 1959 539; baseline 0.002 -26"><span class='ocrx_word' id='word_1_22' title='bbox 353 443 504 539; x_wconf 81' lang='lat' dir='ltr'>gias</span> <span class='ocrx_word' id='word_1_23' title='bbox 531 468 672 537; x_wconf 89' lang='lat' dir='ltr'>quo</span> <span class='ocrx_word' id='word_1_24' title='bbox 720 470 806 515; x_wconf 85' lang='lat' dir='ltr'>ue</span> <span class='ocrx_word' id='word_1_25' title='bbox 862 470 1137 515; x_wconf 84' lang='lat' dir='ltr'>summae</span> <span class='ocrx_word' id='word_1_26' title='bbox 1190 446 1603 530; x_wconf 79' lang='lat' dir='ltr'>senectutis,</span> <span class='ocrx_word' id='word_1_27' title='bbox 1648 445 1719 517; x_wconf 87' lang='lat' dir='ltr'>id</span> <span class='ocrx_word' id='word_1_28' title='bbox 1800 473 1959 517; x_wconf 85' lang='lat' dir='ltr'>uae—</span> 
     </span>
    </p>
   </div>
   <div class='ocr_carea' id='block_1_2' title="bbox 353 536 2071 633">
    <p class='ocr_par' dir='ltr' id='par_1_3' title="bbox 353 536 2071 633">
     <span class='ocr_line' id='line_1_5' title="bbox 353 536 2071 633; baseline 0.001 -26"><span class='ocrx_word' id='word_1_29' title='bbox 353 562 511 607; x_wconf 85' lang='lat' dir='ltr'>rere</span> <span class='ocrx_word' id='word_1_30' title='bbox 565 561 652 613; x_wconf 81' lang='lat' dir='ltr'>au</span> <span class='ocrx_word' id='word_1_31' title='bbox 710 538 896 608; x_wconf 87' lang='lat' dir='ltr'>ituro</span> <span class='ocrx_word' id='word_1_32' title='bbox 933 590 956 625; x_wconf 85' lang='lat'>‚</span> <span class='ocrx_word' id='word_1_33' title='bbox 1019 536 1105 608; x_wconf 87' lang='lat' dir='ltr'>de</span> <span class='ocrx_word' id='word_1_34' title='bbox 1153 563 1293 633; x_wconf 87' lang='lat' dir='ltr'>quo</span> <span class='ocrx_word' id='word_1_35' title='bbox 1340 538 1633 633; x_wconf 84' lang='lat' dir='ltr'>quisque</span> <span class='ocrx_word' id='word_1_36' title='bbox 1684 539 1895 611; x_wconf 79' lang='lat' dir='ltr'>velet</span> <span class='ocrx_word' id='word_1_37' title='bbox 1928 593 1954 626; x_wconf 89' lang='lat'><strong>,</strong></span> <span class='ocrx_word' id='word_1_38' title='bbox 2062 566 2071 572; x_wconf 82' lang='grc'><em>·</em></span> 
     </span>
    </p>
   </div>
   <div class='ocr_carea' id='block_1_3' title="bbox 355 626 724 722">
    <p class='ocr_par' dir='ltr' id='par_1_4' title="bbox 355 626 724 722">
     <span class='ocr_line' id='line_1_6' title="bbox 355 626 724 722; baseline 0 -25"><span class='ocrx_word' id='word_1_39' title='bbox 355 626 670 722; x_wconf 80' lang='lat' dir='ltr'>jubebat.</span> <span class='ocrx_word' id='word_1_40' title='bbox 718 668 724 671; x_wconf 92' lang='lat'><em>-</em></span> 
     </span>
    </p>
   </div>
   <div class='ocr_carea' id='block_1_4' title="bbox 355 752 1973 1770">
    <p class='ocr_par' dir='ltr' id='par_1_5' title="bbox 355 752 1973 1770">
     <span class='ocr_line' id='line_1_7' title="bbox 455 752 1959 849; baseline 0.001 -24"><span class='ocrx_word' id='word_1_41' title='bbox 455 759 628 843; x_wconf 79' lang='lat' dir='ltr'>Quae</span> <span class='ocrx_word' id='word_1_42' title='bbox 659 752 938 826; x_wconf 85' lang='lat' dir='ltr'>tandem</span> <span class='ocrx_word' id='word_1_43' title='bbox 979 779 1091 825; x_wconf 87' lang='lat' dir='ltr'>ars</span> <span class='ocrx_word' id='word_1_44' title='bbox 1120 752 1629 849; x_wconf 79' lang='lat' dir='ltr'>dignalitteris</span> <span class='ocrx_word' id='word_1_45' title='bbox 1675 754 1959 827; x_wconf 80' lang='lat' dir='ltr'>Platoni</span> 
     </span>
     <span class='ocr_line' id='line_1_8' title="bbox 355 846 1963 935; baseline 0 -18"><span class='ocrx_word' id='word_1_46' title='bbox 355 846 645 919; x_wconf 64' lang='lat' dir='ltr'>defuit?</span> <span class='ocrx_word' id='word_1_47' title='bbox 677 853 868 935; x_wconf 89' lang='lat' dir='ltr'>Quot</span> <span class='ocrx_word' id='word_1_48' title='bbox 920 847 1169 919; x_wconf 86' lang='lat' dir='ltr'>seculis</span> <span class='ocrx_word' id='word_1_49' title='bbox 1202 848 1611 919; x_wconf 85' lang='lat' dir='ltr'>Aristoteles</span> <span class='ocrx_word' id='word_1_50' title='bbox 1662 847 1914 918; x_wconf 84' lang='lat' dir='ltr'>didicit</span> <span class='ocrx_word' id='word_1_51' title='bbox 1935 900 1963 935; x_wconf 85' lang='lat'>,</span> 
     </span>
     <span class='ocr_line' id='line_1_9' title="bbox 357 938 1964 1047; baseline 0.001 -38"><span class='ocrx_word' id='word_1_52' title='bbox 357 953 442 1009; x_wconf 89' lang='lat' dir='ltr'>ut</span> <span class='ocrx_word' id='word_1_53' title='bbox 490 964 632 1009; x_wconf 89' lang='lat' dir='ltr'>non</span> <span class='ocrx_word' id='word_1_54' title='bbox 679 939 906 1009; x_wconf 82' lang='lat' dir='ltr'>solum</span> <span class='ocrx_word' id='word_1_55' title='bbox 951 966 1101 1033; x_wconf 80' lang='lat' dir='ltr'>quae</span> <span class='ocrx_word' id='word_1_56' title='bbox 1140 938 1231 1012; x_wconf 78' lang='lat' dir='ltr'>ad</span> <span class='ocrx_word' id='word_1_57' title='bbox 1263 940 1712 1047; x_wconf 78' lang='lat' dir='ltr'>philosophos</span> <span class='ocrx_word' id='word_1_58' title='bbox 1748 952 1964 1033; x_wconf 77' lang='lat' dir='ltr'>atque</span> 
     </span>
     <span class='ocr_line' id='line_1_10' title="bbox 359 1031 1963 1124; baseline -0.001 -21"><span class='ocrx_word' id='word_1_59' title='bbox 359 1044 670 1103; x_wconf 82' lang='lat' dir='ltr'>oratores</span> <span class='ocrx_word' id='word_1_60' title='bbox 779 1032 1082 1103; x_wconf 85' lang='lat' dir='ltr'>ertinent</span> <span class='ocrx_word' id='word_1_61' title='bbox 1108 1086 1126 1117; x_wconf 87' lang='lat'>,</span> <span class='ocrx_word' id='word_1_62' title='bbox 1194 1032 1485 1103; x_wconf 78' lang='lat' dir='ltr'>scientia</span> <span class='ocrx_word' id='word_1_63' title='bbox 1531 1031 1963 1124; x_wconf 85' lang='lat' dir='ltr'>complecte-</span> 
     </span>
     <span class='ocr_line' id='line_1_11' title="bbox 359 1058 1967 1217; baseline 0.001 -24"><span class='ocrx_word' id='word_1_64' title='bbox 359 1137 596 1212; x_wconf 81' lang='lat' dir='ltr'>retur,</span> <span class='ocrx_word' id='word_1_65' title='bbox 628 1058 774 1193; x_wconf 72' lang='lat' dir='ltr'>sedp</span> <span class='ocrx_word' id='word_1_66' title='bbox 780 1124 1183 1195; x_wconf 76' lang='lat' dir='ltr'>animalium</span> <span class='ocrx_word' id='word_1_67' title='bbox 1210 1133 1649 1217; x_wconf 84' lang='lat' dir='ltr'>satoru&#39;mque</span> <span class='ocrx_word' id='word_1_68' title='bbox 1678 1136 1967 1195; x_wconf 84' lang='lat' dir='ltr'>naturas</span> 
     </span>
     <span class='ocr_line' id='line_1_12' title="bbox 362 1215 1967 1309; baseline 0.001 -23"><span class='ocrx_word' id='word_1_69' title='bbox 362 1242 602 1287; x_wconf 88' lang='lat' dir='ltr'>omnes</span> <span class='ocrx_word' id='word_1_70' title='bbox 643 1217 1076 1309; x_wconf 77' lang='lat' dir='ltr'>perquireret</span> <span class='ocrx_word' id='word_1_71' title='bbox 1108 1226 1134 1287; x_wconf 76' lang='grc' dir='ltr'>ἓ</span> <span class='ocrx_word' id='word_1_72' title='bbox 1174 1215 1325 1287; x_wconf 86' lang='lat' dir='ltr'>Illis</span> <span class='ocrx_word' id='word_1_73' title='bbox 1362 1217 1547 1287; x_wconf 84' lang='lat' dir='ltr'>enim</span> <span class='ocrx_word' id='word_1_74' title='bbox 1595 1215 1739 1287; x_wconf 85' lang='lat' dir='ltr'>haec</span> <span class='ocrx_word' id='word_1_75' title='bbox 1770 1216 1967 1287; x_wconf 87' lang='lat' dir='ltr'>inve·</span> 
     </span>
     <span class='ocr_line' id='line_1_13' title="bbox 359 1307 1969 1401; baseline 0 -22"><span class='ocrx_word' id='word_1_76' title='bbox 359 1308 622 1379; x_wconf 84' lang='lat' dir='ltr'>nienda</span> <span class='ocrx_word' id='word_1_77' title='bbox 665 1309 952 1378; x_wconf 83' lang='lat' dir='ltr'>fuerunt</span> <span class='ocrx_word' id='word_1_78' title='bbox 975 1360 996 1393; x_wconf 85' lang='grc'>.,</span> <span class='ocrx_word' id='word_1_79' title='bbox 1030 1307 1233 1379; x_wconf 85' lang='lat' dir='ltr'>nobis</span> <span class='ocrx_word' id='word_1_80' title='bbox 1270 1308 1751 1401; x_wconf 77' lang='lat' dir='ltr'>cognoscenda</span> <span class='ocrx_word' id='word_1_81' title='bbox 1776 1320 1969 1379; x_wconf 72' lang='lat' dir='ltr'>sunt.</span> 
     </span>
     <span class='ocr_line' id='line_1_14' title="bbox 364 1399 1969 1493; baseline -0.001 -20"><span class='ocrx_word' id='word_1_82' title='bbox 364 1406 517 1473; x_wconf 82' lang='lat' dir='ltr'>Tot</span> <span class='ocrx_word' id='word_1_83' title='bbox 551 1426 680 1471; x_wconf 86' lang='lat' dir='ltr'>nos</span> <span class='ocrx_word' id='word_1_84' title='bbox 713 1399 1289 1493; x_wconf 66' lang='lat' dir='ltr'>praeceptoribus,</span> <span class='ocrx_word' id='word_1_85' title='bbox 1320 1413 1425 1470; x_wconf 89' lang='lat' dir='ltr'>tot</span> <span class='ocrx_word' id='word_1_86' title='bbox 1468 1400 1791 1493; x_wconf 83' lang='lat' dir='ltr'>exemplis</span> <span class='ocrx_word' id='word_1_87' title='bbox 1822 1401 1969 1471; x_wconf 81' lang='lat' dir='ltr'>ins-</span> 
     </span>
     <span class='ocr_line' id='line_1_15' title="bbox 363 1490 1968 1599; baseline 0.002 -37"><span class='ocrx_word' id='word_1_88' title='bbox 363 1490 580 1563; x_wconf 80' lang='lat' dir='ltr'>truxit</span> <span class='ocrx_word' id='word_1_89' title='bbox 621 1491 1042 1585; x_wconf 77' lang='lat' dir='ltr'>antiquitaS‚</span> <span class='ocrx_word' id='word_1_90' title='bbox 1097 1504 1175 1561; x_wconf 90' lang='lat' dir='ltr'>ut</span> <span class='ocrx_word' id='word_1_91' title='bbox 1222 1492 1440 1599; x_wconf 79' lang='lat' dir='ltr'>possit</span> <span class='ocrx_word' id='word_1_92' title='bbox 1490 1492 1710 1563; x_wconf 83' lang='lat' dir='ltr'>videri</span> <span class='ocrx_word' id='word_1_93' title='bbox 1765 1493 1968 1565; x_wconf 78' lang='lat' dir='ltr'>nulla</span> 
     </span>
     <span class='ocr_line' id='line_1_16' title="bbox 369 1583 1973 1679; baseline 0 -22"><span class='ocrx_word' id='word_1_94' title='bbox 369 1598 552 1657; x_wconf 78' lang='lat' dir='ltr'>sorte</span> <span class='ocrx_word' id='word_1_95' title='bbox 584 1583 913 1655; x_wconf 86' lang='lat' dir='ltr'>nascendi</span> <span class='ocrx_word' id='word_1_96' title='bbox 947 1597 1107 1655; x_wconf 84' lang='lat' dir='ltr'>aetas</span> <span class='ocrx_word' id='word_1_97' title='bbox 1134 1583 1409 1655; x_wconf 76' lang='lat' dir='ltr'>felicior</span> <span class='ocrx_word' id='word_1_98' title='bbox 1428 1639 1447 1671; x_wconf 90' lang='lat'>‚</span> <span class='ocrx_word' id='word_1_99' title='bbox 1472 1610 1678 1679; x_wconf 79' lang='lat' dir='ltr'>quam</span> <span class='ocrx_word' id='word_1_100' title='bbox 1702 1599 1973 1675; x_wconf 80' lang='lat' dir='ltr'>nostra,</span> 
     </span>
     <span class='ocr_line' id='line_1_17' title="bbox 367 1676 1720 1770; baseline -0.001 -22"><span class='ocrx_word' id='word_1_101' title='bbox 367 1677 479 1749; x_wconf 85' lang='lat' dir='ltr'>cui</span> <span class='ocrx_word' id='word_1_102' title='bbox 517 1676 844 1748; x_wconf 84' lang='lat' dir='ltr'>docendae</span> <span class='ocrx_word' id='word_1_103' title='bbox 871 1676 1145 1770; x_wconf 84' lang='lat' dir='ltr'>priores</span> <span class='ocrx_word' id='word_1_104' title='bbox 1169 1676 1720 1749; x_wconf 75' lang='lat' dir='ltr'>elaboraverunt.</span> 
     </span>
    </p>
   </div>
   <div class='ocr_carea' id='block_1_5' title="bbox 336 1801 1981 3353">
    <p class='ocr_par' dir='ltr' id='par_1_6' title="bbox 336 1801 1981 3353">
     <span class='ocr_line' id='line_1_18' title="bbox 457 1801 1969 1887; baseline 0 -14"><span class='ocrx_word' id='word_1_105' title='bbox 457 1809 563 1873; x_wconf 83' lang='lat' dir='ltr'>M.</span> <span class='ocrx_word' id='word_1_106' title='bbox 602 1802 977 1873; x_wconf 85' lang='lat' dir='ltr'>Censorius</span> <span class='ocrx_word' id='word_1_107' title='bbox 1008 1808 1216 1886; x_wconf 70' lang='lat' dir='ltr'>Cain,</span> <span class='ocrx_word' id='word_1_108' title='bbox 1249 1801 1432 1871; x_wconf 86' lang='lat' dir='ltr'>idem</span> <span class='ocrx_word' id='word_1_109' title='bbox 1476 1816 1750 1887; x_wconf 78' lang='lat' dir='ltr'>orator,</span> <span class='ocrx_word' id='word_1_110' title='bbox 1777 1802 1969 1873; x_wconf 78' lang='lat' dir='ltr'>idem</span> 
     </span>
     <span class='ocr_line' id='line_1_19' title="bbox 336 1893 1970 1983; baseline -0.001 -15"><span class='ocrx_word' id='word_1_111' title='bbox 336 1895 670 1982; x_wconf 5' lang='lat' dir='ltr'>&#39;historiae</span> <span class='ocrx_word' id='word_1_112' title='bbox 701 1893 1043 1976; x_wconf 77' lang='lat' dir='ltr'>conditor,</span> <span class='ocrx_word' id='word_1_113' title='bbox 1077 1893 1265 1963; x_wconf 82' lang='lat' dir='ltr'>idem</span> <span class='ocrx_word' id='word_1_114' title='bbox 1292 1895 1488 1983; x_wconf 75' lang='lat' dir='ltr'>juri5‚</span> <span class='ocrx_word' id='word_1_115' title='bbox 1520 1893 1705 1966; x_wconf 84' lang='lat' dir='ltr'>idem</span> <span class='ocrx_word' id='word_1_116' title='bbox 1732 1921 1970 1966; x_wconf 77' lang='lat' dir='ltr'>rerum</span> 
     </span>
     <span class='ocr_line' id='line_1_20' title="bbox 362 1985 1973 2079; baseline 0 -20"><span class='ocrx_word' id='word_1_117' title='bbox 362 1987 786 2060; x_wconf 78' lang='lat' dir='ltr'>«rusticarum</span> <span class='ocrx_word' id='word_1_118' title='bbox 845 1985 1307 2079; x_wconf 81' lang='lat' dir='ltr'>peritissimus</span> <span class='ocrx_word' id='word_1_119' title='bbox 1368 1985 1503 2057; x_wconf 79' lang='lat' dir='ltr'>fuit</span> <span class='ocrx_word' id='word_1_120' title='bbox 1538 2038 1559 2073; x_wconf 84' lang='lat'><em>‚</em></span> <span class='ocrx_word' id='word_1_121' title='bbox 1620 1988 1806 2058; x_wconf 87' lang='lat' dir='ltr'>inter</span> <span class='ocrx_word' id='word_1_122' title='bbox 1861 2001 1973 2059; x_wconf 83' lang='lat' dir='ltr'>tot</span> 
     </span>
     <span class='ocr_line' id='line_1_21' title="bbox 359 2077 1971 2176; baseline -0.001 -24"><span class='ocrx_word' id='word_1_123' title='bbox 359 2106 618 2176; x_wconf 73' lang='lat' dir='ltr'>operas</span> <span class='ocrx_word' id='word_1_124' title='bbox 645 2077 945 2164; x_wconf 63' lang='lat' dir='ltr'>militiae,</span> <span class='ocrx_word' id='word_1_125' title='bbox 973 2091 1205 2150; x_wconf 77' lang='lat' dir='ltr'>tantas</span> <span class='ocrx_word' id='word_1_126' title='bbox 1234 2078 1420 2150; x_wconf 73' lang='lat' dir='ltr'>‘domi</span> <span class='ocrx_word' id='word_1_127' title='bbox 1444 2081 1929 2151; x_wconf 80' lang='lat' dir='ltr'>contentiones</span> <span class='ocrx_word' id='word_1_128' title='bbox 1946 2138 1971 2170; x_wconf 88' lang='lat'>‚</span> 
     </span>
     <span class='ocr_line' id='line_1_22' title="bbox 368 2171 1974 2263; baseline -0.001 -18"><span class='ocrx_word' id='word_1_129' title='bbox 368 2173 533 2245; x_wconf 76' lang='lat' dir='ltr'>rudi</span> <span class='ocrx_word' id='word_1_130' title='bbox 569 2172 840 2257; x_wconf 74' lang='lat' dir='ltr'>seculo,</span> <span class='ocrx_word' id='word_1_131' title='bbox 876 2171 1145 2242; x_wconf 76' lang='lat' dir='ltr'>litteras</span> <span class='ocrx_word' id='word_1_132' title='bbox 1162 2191 1415 2263; x_wconf 66' lang='lat' dir='ltr'>graecas</span> <span class='ocrx_word' id='word_1_133' title='bbox 1442 2185 1635 2242; x_wconf 77' lang='lat' dir='ltr'>aetate</span> <span class='ocrx_word' id='word_1_134' title='bbox 1666 2176 1804 2262; x_wconf 84' lang='lat' dir='ltr'>jam</span> <span class='ocrx_word' id='word_1_135' title='bbox 1846 2172 1974 2244; x_wconf 86' lang='lat' dir='ltr'>de-</span> 
     </span>
     <span class='ocr_line' id='line_1_23' title="bbox 367 2261 1977 2348; baseline -0.001 -11"><span class='ocrx_word' id='word_1_136' title='bbox 367 2266 632 2338; x_wconf 80' lang='lat' dir='ltr'>clinata</span> <span class='ocrx_word' id='word_1_137' title='bbox 663 2261 954 2348; x_wconf 83' lang='lat' dir='ltr'>didicit,</span> <span class='ocrx_word' id='word_1_138' title='bbox 992 2277 1071 2332; x_wconf 88' lang='lat' dir='ltr'>ut</span> <span class='ocrx_word' id='word_1_139' title='bbox 1093 2277 1274 2334; x_wconf 76' lang='lat' dir='ltr'>esset</span> <span class='ocrx_word' id='word_1_140' title='bbox 1306 2263 1708 2335; x_wconf 83' lang='lat' dir='ltr'>hominibus</span> <span class='ocrx_word' id='word_1_141' title='bbox 1734 2264 1977 2335; x_wconf 88' lang='lat' dir='ltr'>docu-</span> 
     </span>
     <span class='ocr_line' id='line_1_24' title="bbox 369 2356 1977 2463; baseline -0.001 -33"><span class='ocrx_word' id='word_1_142' title='bbox 369 2369 653 2443; x_wconf 86' lang='lat' dir='ltr'>ment0‚</span> <span class='ocrx_word' id='word_1_143' title='bbox 686 2383 767 2428; x_wconf 83' lang='lat' dir='ltr'>ea</span> <span class='ocrx_word' id='word_1_144' title='bbox 801 2381 1076 2463; x_wconf 81' lang='lat' dir='ltr'>quoque</span> <span class='ocrx_word' id='word_1_145' title='bbox 1111 2356 1374 2448; x_wconf 85' lang='lat' dir='ltr'>percipi</span> <span class='ocrx_word' id='word_1_146' title='bbox 1410 2382 1651 2450; x_wconf 80' lang='lat' dir='ltr'>posse,</span> <span class='ocrx_word' id='word_1_147' title='bbox 1678 2382 1827 2449; x_wconf 87' lang='lat' dir='ltr'>quae</span> <span class='ocrx_word' id='word_1_148' title='bbox 1862 2383 1977 2428; x_wconf 74' lang='lat' dir='ltr'>se·-</span> 
     </span>
     <span class='ocr_line' id='line_1_25' title="bbox 367 2447 1972 2542; baseline -0.001 -20"><span class='ocrx_word' id='word_1_149' title='bbox 367 2475 496 2522; x_wconf 83' lang='lat' dir='ltr'>nes</span> <span class='ocrx_word' id='word_1_150' title='bbox 550 2460 1059 2542; x_wconf 64' lang='lat' dir='ltr'>concupissent.</span> <span class='ocrx_word' id='word_1_151' title='bbox 1120 2453 1351 2538; x_wconf 79' lang='lat' dir='ltr'><strong>Quam</strong></span> <span class='ocrx_word' id='word_1_152' title='bbox 1424 2448 1641 2518; x_wconf 76' lang='lat' dir='ltr'>multa</span> <span class='ocrx_word' id='word_1_153' title='bbox 1669 2502 1687 2538; x_wconf 80' lang='lat'>‚</span> <span class='ocrx_word' id='word_1_154' title='bbox 1748 2447 1972 2522; x_wconf 86' lang='lat' dir='ltr'>immo</span> 
     </span>
     <span class='ocr_line' id='line_1_26' title="bbox 369 2539 1975 2638; baseline -0.001 -24"><span class='ocrx_word' id='word_1_155' title='bbox 369 2568 552 2638; x_wconf 74' lang='lat' dir='ltr'>pene</span> <span class='ocrx_word' id='word_1_156' title='bbox 584 2542 816 2616; x_wconf 80' lang='lat' dir='ltr'>omnia</span> <span class='ocrx_word' id='word_1_157' title='bbox 851 2539 1142 2612; x_wconf 73' lang='lat' dir='ltr'>tradidit</span> <span class='ocrx_word' id='word_1_158' title='bbox 1172 2547 1435 2610; x_wconf 77' lang='lat' dir='ltr'>Varro?</span> <span class='ocrx_word' id='word_1_159' title='bbox 1467 2540 1675 2631; x_wconf 78' lang='lat' dir='ltr'>Quod</span> <span class='ocrx_word' id='word_1_160' title='bbox 1708 2540 1975 2613; x_wconf 85' lang='lat' dir='ltr'>instru-</span> 
     </span>
     <span class='ocr_line' id='line_1_27' title="bbox 373 2631 1977 2724; baseline 0.002 -20"><span class='ocrx_word' id='word_1_161' title='bbox 373 2648 688 2710; x_wconf 79' lang='lat' dir='ltr'>mentum</span> <span class='ocrx_word' id='word_1_162' title='bbox 735 2631 1014 2704; x_wconf 79' lang='lat' dir='ltr'>‹licendi</span> <span class='ocrx_word' id='word_1_163' title='bbox 1051 2640 1155 2704; x_wconf 88' lang='grc' dir='ltr'>Μ.</span> <span class='ocrx_word' id='word_1_164' title='bbox 1176 2633 1429 2703; x_wconf 76' lang='lat' dir='ltr'>&#39;Tullio</span> <span class='ocrx_word' id='word_1_165' title='bbox 1460 2633 1683 2704; x_wconf 75' lang='lat' dir='ltr'>defuit</span> <span class='ocrx_word' id='word_1_166' title='bbox 1710 2642 1735 2704; x_wconf 70' lang='grc' dir='ltr'><strong><em>ἓ</em></strong></span> <span class='ocrx_word' id='word_1_167' title='bbox 1768 2635 1977 2724; x_wconf 82' lang='lat' dir='ltr'>Quid</span> 
     </span>
     <span class='ocr_line' id='line_1_28' title="bbox 369 2725 1977 2821; baseline 0.001 -25"><span class='ocrx_word' id='word_1_168' title='bbox 369 2729 636 2821; x_wconf 59' lang='lat' dir='ltr'>plura‘?</span> <span class='ocrx_word' id='word_1_169' title='bbox 680 2751 836 2796; x_wconf 87' lang='lat' dir='ltr'>cum</span> <span class='ocrx_word' id='word_1_170' title='bbox 885 2726 1093 2796; x_wconf 81' lang='lat' dir='ltr'>etiam</span> <span class='ocrx_word' id='word_1_171' title='bbox 1141 2725 1503 2801; x_wconf 79' lang='lat' dir='ltr'>Cornelius</span> <span class='ocrx_word' id='word_1_172' title='bbox 1536 2726 1774 2796; x_wconf 78' lang='lat' dir='ltr'>Celsus</span> <span class='ocrx_word' id='word_1_173' title='bbox 1807 2753 1977 2798; x_wconf 86' lang='lat' dir='ltr'>me·-</span> 
     </span>
     <span class='ocr_line' id='line_1_29' title="bbox 369 2817 1978 2912; baseline 0.001 -21"><span class='ocrx_word' id='word_1_174' title='bbox 369 2819 598 2891; x_wconf 83' lang='lat' dir='ltr'>diocri</span> <span class='ocrx_word' id='word_1_175' title='bbox 629 2818 742 2890; x_wconf 76' lang='lat' dir='ltr'>vir</span> <span class='ocrx_word' id='word_1_176' title='bbox 781 2818 1102 2912; x_wconf 76' lang='lat' dir='ltr'>ingenie,</span> <span class='ocrx_word' id='word_1_177' title='bbox 1132 2843 1274 2890; x_wconf 87' lang='lat' dir='ltr'>non</span> <span class='ocrx_word' id='word_1_178' title='bbox 1309 2817 1533 2889; x_wconf 77' lang='lat' dir='ltr'>solum</span> <span class='ocrx_word' id='word_1_179' title='bbox 1574 2818 1659 2890; x_wconf 87' lang='lat' dir='ltr'>de</span> <span class='ocrx_word' id='word_1_180' title='bbox 1689 2818 1799 2889; x_wconf 86' lang='lat' dir='ltr'>his</span> <span class='ocrx_word' id='word_1_181' title='bbox 1824 2827 1978 2892; x_wconf 86' lang='lat' dir='ltr'>om-</span> 
     </span>
     <span class='ocr_line' id='line_1_30' title="bbox 372 2910 1981 3005; baseline 0.001 -21"><span class='ocrx_word' id='word_1_182' title='bbox 372 2914 586 2985; x_wconf 82' lang='lat' dir='ltr'>nibus</span> <span class='ocrx_word' id='word_1_183' title='bbox 635 2910 1463 3005; x_wconf 71' lang='lat' dir='ltr'>conscripserit-artibus,</span> <span class='ocrx_word' id='word_1_184' title='bbox 1502 2911 1622 2982; x_wconf 92' lang='lat' dir='ltr'>sed</span> <span class='ocrx_word' id='word_1_185' title='bbox 1666 2913 1981 3004; x_wconf 81' lang='lat' dir='ltr'>amplius</span> 
     </span>
     <span class='ocr_line' id='line_1_31' title="bbox 369 3003 1977 3092; baseline -0.001 -15"><span class='ocrx_word' id='word_1_186' title='bbox 369 3006 477 3077; x_wconf 65' lang='lat' dir='ltr'>rei</span> <span class='ocrx_word' id='word_1_187' title='bbox 521 3003 840 3076; x_wconf 75' lang='lat' dir='ltr'>militaris</span> <span class='ocrx_word' id='word_1_188' title='bbox 863 3057 886 3090; x_wconf 93' lang='lat'>,</span> <span class='ocrx_word' id='word_1_189' title='bbox 931 3016 1003 3074; x_wconf 86' lang='lat' dir='ltr'>et</span> <span class='ocrx_word' id='word_1_190' title='bbox 1037 3004 1308 3087; x_wconf 75' lang='lat' dir='ltr'>rusticae</span> <span class='ocrx_word' id='word_1_191' title='bbox 1345 3005 1555 3076; x_wconf 84' lang='lat' dir='ltr'>etiam</span> <span class='ocrx_word' id='word_1_192' title='bbox 1579 3057 1599 3092; x_wconf 87' lang='lat'><strong>,</strong></span> <span class='ocrx_word' id='word_1_193' title='bbox 1634 3016 1704 3076; x_wconf 87' lang='lat' dir='ltr'>et</span> <span class='ocrx_word' id='word_1_194' title='bbox 1728 3005 1977 3076; x_wconf 83' lang='lat' dir='ltr'>medi-</span> 
     </span>
     <span class='ocr_line' id='line_1_32' title="bbox 379 3096 1973 3192; baseline 0.001 -24"><span class='ocrx_word' id='word_1_195' title='bbox 379 3099 550 3168; x_wconf 85' lang='lat' dir='ltr'>cinae</span> <span class='ocrx_word' id='word_1_196' title='bbox 577 3109 912 3192; x_wconf 63' lang='lat' dir='ltr'>praecepta</span> <span class='ocrx_word' id='word_1_197' title='bbox 943 3096 1356 3192; x_wconf 81' lang='lat' dir='ltr'>reliquerit?</span> <span class='ocrx_word' id='word_1_198' title='bbox 1386 3096 1640 3191; x_wconf 83' lang='lat' dir='ltr'>dignus</span> <span class='ocrx_word' id='word_1_199' title='bbox 1676 3097 1783 3168; x_wconf 88' lang='lat' dir='ltr'>vel</span> <span class='ocrx_word' id='word_1_200' title='bbox 1809 3097 1973 3192; x_wconf 88' lang='lat' dir='ltr'>ipso</span> 
     </span>
     <span class='ocr_line' id='line_1_33' title="bbox 363 3189 1978 3352; baseline 0.002 -93"><span class='ocrx_word' id='word_1_201' title='bbox 363 3189 726 3352; x_wconf 46' lang='lat' dir='ltr'>{imposito</span> <span class='ocrx_word' id='word_1_202' title='bbox 752 3244 774 3282; x_wconf 82' lang='lat'>‚</span> <span class='ocrx_word' id='word_1_203' title='bbox 817 3203 896 3264; x_wconf 87' lang='lat' dir='ltr'>ut</span> <span class='ocrx_word' id='word_1_204' title='bbox 939 3215 1100 3262; x_wconf 87' lang='lat' dir='ltr'>eum</span> <span class='ocrx_word' id='word_1_205' title='bbox 1141 3189 1345 3264; x_wconf 85' lang='lat' dir='ltr'>scisse</span> <span class='ocrx_word' id='word_1_206' title='bbox 1392 3191 1627 3262; x_wconf 84' lang='lat' dir='ltr'>omnia</span> <span class='ocrx_word' id='word_1_207' title='bbox 1666 3189 1787 3262; x_wconf 84' lang='lat' dir='ltr'>illa</span> <span class='ocrx_word' id='word_1_208' title='bbox 1823 3217 1978 3262; x_wconf 81' lang='lat' dir='ltr'>cre-</span> 
     </span>
     <span class='ocr_line' id='line_1_34' title="bbox 427 3308 639 3353; baseline 0 -1"><span class='ocrx_word' id='word_1_209' title='bbox 427 3308 639 3353; x_wconf 77' lang='lat' dir='ltr'><strong>amuS.</strong></span> 
     </span>
    </p>
   </div>
  </div>
 </body>
</html>
