2188 3757
402 205 485 269 18
812 204 1004 270 Lm.
1049 201 1222 266 vll.
1272 201 1450 268 Ου’.
1525 199 1576 266 Ῑ.

396 289 570 358 dicis
614 287 880 358 animus
922 289 1230 380 accipere
1285 289 1500 380 possit
1551 286 1776 359 statim
1830 287 1992 359 dic*-

392 393 539 449 tum
563 433 581 465 ‚
612 406 747 486 quo
776 379 1103 472 paulatim
1131 378 1612 465 deducendus3
1645 381 1938 473 singulis
1959 433 1985 464 ‚

394 496 481 540 an
526 471 863 541 universis
895 469 1307 565 opponenda
1343 471 1716 556 refutati03
1757 494 1986 541 teser——

391 563 596 632 vandi
625 567 1063 654 perorationi,
1086 587 1172 630 an
1203 587 1324 654 per
1349 573 1555 631 totam
1577 563 1972 632 orationem

392 648 827 724 diffundendi
856 655 1184 739 affectu53
1215 653 1300 722 de
1333 657 1480 740 jure
1511 655 1732 746 prius»,
1761 679 1851 721 an
1885 653 1974 722 de

387 746 703 837 aequitate
732 745 1142 829 dicendum;
1176 767 1262 812 an
1291 757 1600 814 anteacta
1635 744 1926 814 crimina
1947 797 1972 829 ‚

389 861 475 904 an
506 836 591 905 de
619 835 868 930 quibus
906 835 1242 924 judicium
1275 849 1376 905 est
1399 887 1418 918 ‚
1445 836 1636 926 prius
1661 836 1980 925 objicere.

392 927 492 996 vel
518 927 781 997 diluere
812 927 1175 996 conveniat
1203 927 1292 1010 3si
1315 927 1725 1019 multiplices
1753 951 1982 998 causa·

380 1031 591 1091 erunt
618 1072 636 1104 ‚
670 1019 823 1111 quis
850 1018 1021 1088 ordo
1048 1017 1403 1088 faciendus
1423 1068 1441 1100 ‚
1465 1043 1614 1112 quae
1647 1019 1977 1088 testimo-

385 1111 548 1194 nia‚.
564 1110 928 1196 tabulaeve,
957 1114 1288 1202 cujusque
1369 1109 1593 1179 eneris
1615 1109 1684 1194 in
1711 1114 1982 1180 actione

384 1201 747 1270 recitandae
767 1252 786 1283 ‚
810 1227 957 1294 quae
994 1225 1306 1271 reservari
1361 1227 1436 1270 ε.
1461 1205 1624 1270 Haec
1647 1213 1750 1270 est
1773 1199 1974 1272 velut

382 1291 828 1382 imperatoria
874 1292 1091 1360 virtus
1145 1291 1378 1383 copias
1419 1315 1576 1362 suas
1609 1286 1982 1396 partientis

384 1381 471 1450 ad
536 1405 731 1450 casus
790 1380 1176 1472 praeliorum
1233 1405 1254 1465 3
1313 1383 1672 1452 retinentis
1739 1395 1976 1474 partes

380 1485 665 1566 propter
710 1471 985 1542 castella
1029 1472 1336 1560 tuenda,
1393 1473 1978 1544 custodiendasve.

380 1563 585 1634 urbes
612 1614 631 1647 ,
678 1563 1011 1656 petendos
1054 1575 1472 1633 commeatus
1511 1616 1531 1648 .,
1579 1563 1971 1634 obsidenda

380 1651 675 1740 itinera;
716 1653 885 1726 mari
913 1653 1210 1747 denique
1239 1680 1317 1724 ac
1347 1667 1526 1724 terra
1564 1653 1966 1724 dividentis.

438 1745 603 1816 'Sed
672 1745 811 1816 haec
860 1744 932 1814 in
983 1746 1296 1816 oratione
1353 1758 1624 1838 praestat
1679 1747 1966 1832 omnia,

377 1837 491 1908 cui
524 1833 847 1909 affuerint
890 1849 1134 1906 natura
1171 1888 1192 1920 ‚
1256 1835 1569 1906 doctrina
1631 1835 1964 1908 studium.

375 1934 609 2013 Quare
648 1952 847 1997 nemo
880 1938 1188 2021 expectet
1221 1978 1242 2010 ,
1307 1939 1385 1996 ut
1415 1928 1646 1998 alieno
1685 1939 1967 2000 tantum

371 2018 611 2091 labore
668 2018 756 2089 sit
818 2017 1134 2088 disertus.
1193 2018 1282 2087 Vi
1335 2018 1645 2089 ilandum
1699 2018 1908 2087 ducat
1943 2070 1970 2106 ‚

274 2196 280 2199 ῃ
374 2110 629 2181 iterum
684 2110 1087 2180 enitendum
1129 2163 1146 2196 ‚
1195 2044 1642 2215 paffendum:
1708 2122 1812 2179 est
1860 2109 1972 2179 fa-

370 2201 617 2271 cienda
669 2226 791 2270 sua
852 2202 1100 2293 cuique
1163 2228 1268 2273 vis
1300 2254 1323 2285 ,
1363 2226 1483 2269 sua
1532 2201 1758 2270 ratio:
1810 2225 1957 2272 non

372 2292 885 2384 respiciendum
946 2292 1034 2361 ad
1103 2290 1284 2376 haec,
1337 2292 1456 2361 sed
1511 2292 1581 2361 in
1634 2305 1956 2385 promptu

366 2382 733 2457 habenda:
764 2406 888 2452 nec
920 2395 1243 2476 tanquam
1287 2382 1582 2467 tradita,
1633 2382 1754 2453 sed
1787 2395 1958 2451 tan-

366 2498 575 2569 quam
594 2473 853 2546 innata.
872 2480 1046 2543 Nam
1072 2474 1250 2543 viam
1278 2472 1742 2544 demonstrare
1776 2475 1972 2544 velo··

363 2568 538 2639 citer
561 2590 669 2635 ars
694 2578 941 2659 potest,
980 2566 1034 2635 si
1119 2590 1204 2636 ua
1227 2577 1367 2636 est:
1391 2590 1629 2637 verum
1655 2590 1763 2635 ars
1783 2566 1953 2635 satis

364 2670 658 2753 praestat,
686 2658 741 2726 si
785 2658 1013 2750 copias
1038 2684 1073 2726 e
1108 2656 1446 2751 oquentiae
1471 2658 1670 2749 ponit
1703 2656 1775 2725 in
1809 2682 1951 2726 me-

364 2750 483 2819 dio
516 2775 532 2817 :
565 2761 873 2816 nostrum
908 2761 1007 2815 est
1036 2749 1134 2817 uti
1169 2750 1266 2816 eis
1292 2749 1486 2815 scire.
1737 2778 1746 2789 ·

459 2840 749 2932 Reliqua
794 2838 1090 2929 partium
1115 2850 1216 2907 est
1247 2837 1522 2905 demum
1555 2837 1904 2928 dispositio
1924 2866 1948 2909 .·

364 2931 531 3001 etin
568 2930 675 2998 his
723 2928 887 3020 ipsis
924 2928 1183 3019 primus
1217 2926 1464 3033 aliquis
1529 2954 1804 3014 sensus,
1876 2944 1946 3000 et

363 3020 741 3104 secundus»,
789 3031 858 3089 et
896 3017 1138 3089 tertius
1184 3044 1339 3113 :qui
1383 3046 1524 3089 non
1571 3020 1774 3089 modo
1805 3072 1822 3104 ,
1869 3034 1944 3091 ut

312 3115 502 3183 *sint
546 3110 789 3181 ordine
837 3109 1206 3197 collocati,
1255 3110 1749 3181 elaborandum
1798 3126 1938 3197 est,

363 3204 485 3273 sed
511 3202 782 3272 utinter
821 3229 891 3272 se
932 3203 1190 3291 juncti,
1228 3216 1430 3295 atque
1465 3204 1556 3272 ita
1595 3202 1938 3273 cohaeren-

361 3306 491 3383 tes»,
531 3319 612 3365 ne
640 3294 1077 3365 commissura
1112 3294 1449 3389 pelluceat
1480 3321 1497 3364 ε
1533 3320 1778 3388 corpus
1803 3296 1931 3380 sit,
