2188 3757
569 206 736 277 ,DE
803 206 1475 275 comosmonn.
1721 210 1842 277 131

255 320 472 393 parva
499 350 518 385 ,
559 310 629 367 et
675 296 1040 369 ebcutione
1079 298 1347 367 modica
1376 350 1397 379 ,
1440 294 1657 367 virtus
1708 294 1852 368 haec

262 392 410 459 sola
454 388 908 459 commendat.
975 388 1299 481 Denique
1364 384 1549 481 quod
1600 388 1849 483 cuique

261 482 486 551 visum
540 481 676 549 erit
731 480 1176 550 vehementer
1210 530 1231 563 ‚
1304 478 1643 563 dulciter,
1704 504 1855 575 spe-

264 573 452 641 ciose
495 572 758 641 dictum
797 623 817 655 ‚
875 571 1092 641 solvat
1147 583 1215 641 et
1258 570 1489 640 turbet
1530 597 1552 657 3
1602 571 1852 643 abierit

263 664 492 733 omnis
533 661 630 732 vis
659 716 678 747 ‚
722 660 1116 752 jucunditas
1143 715 1162 747 ‚
1213 660 1440 732 decor.

357 754 578 826 Solvit
611 752 916 847 quaedam
951 776 1072 823 sua
1121 754 1192 822 in
1242 752 1526 823 Oratore
1556 754 1796 825 Cicero
1830 783 1847 823 :

271 854 378 932 (ι)
405 847 592 916 Nam
616 871 818 939 neque
849 869 949 915 me
977 846 1229 915 divitioe
1258 857 1513 927 movent
1533 900 1551 929 ,
1616 848 1852 938 quibus

247 960 491 1007 ’omnes
547 936 914 1026 Africanos
965 946 1032 1025 et
1073 934 1322 1006 Loelios
1368 936 1561 1009 multi
1604 938 1853 1027 venali-

265 1034 354 1100 tii
451 1040 965 1120 mercatoresque
1060 1040 1475 1119 superarunt.
1568 1029 1853 1101 Immuta

258 1118 608 1214 paululum
636 1173 653 1206 ,
684 1132 759 1191 ut
777 1126 870 1189 sit
899 1171 916 1203 ‚
944 1116 1165 1187 Multi
1188 1132 1655 1209 superaverunt
1693 1147 1853 1192 mer-

265 1224 573 1297 catores,
621 1211 1077 1303 venalitiique‚
1126 1215 1196 1279 et
1245 1223 1605 1301 sequentes
1656 1212 1852 1287 dein-

269 1328 428 1396 ceps
461 1305 775 1395 periodos
807 1330 831 1373 .·
881 1328 1048 1396 quas
1089 1300 1143 1371 si
1188 1301 1278 1371 ad
1333 1301 1527 1373 illum
1570 1304 1849 1380 modum

267 1396 628 1489 perturbes
659 1448 678 1481 ,
750 1394 940 1464 velut
1007 1395 1220 1463 fracta
1284 1406 1405 1463 aut
1468 1406 1852 1471 transversa

265 1485 412 1557 tela
435 1485 1029 1579 projeceris.ldem
1057 1483 1379 1578 corrigit,
1408 1512 1551 1578 quae
1586 1512 1621 1558 a
1648 1496 1853 1563 Grac-

271 1578 402 1648 cho
440 1580 814 1673 composita
848 1577 1088 1648 durius
1117 1589 1335 1669 putat.
1375 1577 1579 1649 Itium
1616 1580 1849 1653 decet:
1934 1620 1939 1623 ·

271 1694 398 1739 nos
427 1669 550 1739 hac
587 1671 796 1739 simus
830 1668 1235 1762 probatione
1272 1670 1576 1739 contenti
1608 1724 1627 1753 ‚
1664 1676 1852 1767 quod

269 1760 346 1829 in
382 1760 745 1831 scribendo
771 1813 790 1845 ‚
825 1786 973 1854 quae
1004 1786 1076 1828 se
1110 1758 1311 1827 nobis
1352 1759 1680 1832 solutiora
1730 1766 1855 1835 ob-

267 1852 595 1938 tuteriut,
627 1877 1135 1946 componemus.
1172 1849 1362 1940 Quid
1387 1852 1568 1922 enim
1603 1856 1851 1931 attinet

271 1967 512 2014 eorum
565 1943 868 2037 exempta
906 1968 1206 2037 quaerere
1233 1996 1252 2027 ‚
1298 1968 1445 2036 quae
1498 1945 1629 2016 s‘ibi
1664 1952 1849 2042 quis-

264 2059 405 2130 que
449 2035 737 2130 experiri
789 2047 1012 2130 potest
1059 2036 1086 2103 ?
1139 2034 1316 2103 ntud
1368 2048 1637 2109 notasse
1686 2043 1849 2116 satis

261 2125 495 2198 habeo
527 2181 546 2213 ‚
601 2153 736 2234 quo
793 2126 1189 2221 pulchriora
1228 2137 1299 2195 et
1344 2151 1546 2196 sensu
1604 2133 1849 2204 et‘elo-

270 2223 531 2290 cutione
569 2218 959 2289 dissolveris
986 2271 1006 2305 ‚
1039 2216 1177 2287 hoc
1208 2217 1609 2290 orationem·
1634 2228 1857 2299 meeis*

271 2309 649 2382 deformem
693 2310 890 2396 sore3
947 2310 1111 2402 quia
1168 2334 1252 2380 ne
1303 2309 1587 2403 ligentia
1638 2283 1851 2390 coti-'o-

271 2402 567 2563 gationis
621 2401 769 2496 ipsa
831 2401 1199 2474 verborum
1292 2427 1413 2472 uce
1470 2401 1852 2498 deprehen-

329 2506 487 2563 1tur.
779 2553 786 2556 .
1270 2511 1277 2518 '

366 2591 602 2678 ltaque
624 2635 643 2668 ‚
667 2595 754 2654 nt
787 2583 1125 2654 confiteor
1146 2609 1327 2675 pene
1349 2585 1665 2658 ultimam
1700 2617 1853 2664 ora-

273 2675 546 2748 toribus
619 2687 832 2745 artem
896 2679 1384 2766 compositionis
1407 2729 1426 2762 ‚
1480 2705 1631 2771 quae
1698 2707 1851 2776 per.

273 2767 455 2838 fecta
501 2767 635 2851 sit,
676 2765 1090 2860 contigisse-3
1138 2766 1232 2836 ita
1275 2766 1411 2837 inis
1450 2769 1691 2862 priscis
1727 2775 1855 2848 ha·-

269 2859 491 2952 bitam
523 2860 707 2928 inter
730 2883 948 2944 curas,
983 2858 1057 2927 in
1086 2871 1417 2950 quantum
1451 2861 1676 2935 adhuc
1703 2895 1853 2962 pro-

261 2951 582 3022 fecerant
601 3003 620 3034 ‚
646 2964 838 3044 puto.
859 2957 1097 3044 Neque
1122 2950 1305 3021 enim
1330 2951 1540 3040 mihi,
1564 2961 1855 3048 quamli-

271 3041 395 3112 bet
424 3067 707 3134 magnus
737 3053 996 3128 auctor,
1035 3039 1277 3113 Cicero
1299 3048 1853 3140 (2)persuaserit.‚

271 3133 595 3228 Lysiam,
635 3133 1069 3204 Herodotum
1097 3187 1116 3220 ‚
1160 3133 1641 3228 Thucydidem
1669 3195 1689 3230 ‚
1734 3169 1856 3237 pa..

345 3275 431 3342 (ι)
452 3273 586 3328 'Vide
611 3274 904 3327 Ciceronem
929 3275 990 3326 de
1013 3275 1217 3328 Oratore
1236 3315 1253 3340 ‚
1272 3292 1415 3326 num.
1448 3277 1562 3330 232.

348 3341 416 3409 (α
431 3342 454 3410 )
472 3341 604 3398 vide
631 3343 926 3399 Ciceronem
949 3341 1010 3396 de
1027 3343 1231 3398 Oratore
1244 3380 1262 3413 ,
1292 3343 1389 3394 186
1402 3356 1448 3391 et
1474 3361 1523 3396 ω
1535 3360 1586 3409 9.

1405 3415 1551 3481 Fo
