2188 3757
347 205 483 279 372
759 191 949 260 Ιιη.
996 191 1136 259 XI.
1183 192 1533 260 cin-11.

342 289 660 348 menturz
694 297 1085 372 quanquam
1121 279 1342 358 solent
1377 278 1505 350 hoc
1541 277 1559 351 i
1613 303 1688 358 so
1720 280 1928 362 mai-2

250 422 261 451 .,
343 394 450 439 me
500 369 786 454 haerere,
820 369 1006 462 quod
1055 369 1477 441 exciderunt.
1515 370 1566 438 11
1603 370 1693 439 ud
1745 369 1922 440 edis-2

344 457 565 530 cendo
591 459 1091 556 scribendoque
1118 488 1474 566 commune
1502 475 1623 546 est,
1651 461 1924 554 utrique

342 549 719 648 plurimum
766 553 1075 646 conferre
1127 551 1378 624 bonam
1413 551 1927 638 valetudinem,

248 693 269 702 -
346 636 687 746 digestum
730 641 1000 730 cibum,
1044 644 1352 716 animum
1385 642 1920 738 cogitationibus

344 731 497 802 aliis
532 732 847 803 liberum.
1893 757 1910 772 ‘

436 830 519 892 V.
535 831 790 914 Verum
820 837 884 896 et
907 825 977 894 in
994 821 1136 918 his,
1195 852 1292 896 uae
1311 825 1724 920 scripsimus,
1745 851 1922 904 com,-

340 912 721 1006 pieotendis
758 916 1047 986 multum
1070 943 1152 986 va
1184 931 1342 1002 ent3
1373 931 1442 987 et
1472 917 1544 988 in
1582 917 1665 986 iis
1692 968 1712 1000 ‚
1770 942 1917 1011 quae

340 1007 755 1100 cogitamus}
789 1007 1226 1078 continendis
1283 1035 1492 1102 prope
1524 1007 1682 1078 soloe
1711 1014 1740 1092 (
1799 1033 1913 1076 ex·

342 1111 539 1188 cepte
580 1151 599 1181 ‚
667 1125 821 1204 quae
859 1093 1208 1192 potissima
1269 1112 1368 1170 est
1397 1154 1418 1184 ,
1479 1098 1922 1170 exercitatio-

339 1213 427 1258 ne
458 1199 487 1274 )
517 1243 535 1273 ‚
572 1187 820 1272 divisio
856 1203 922 1260 et
954 1190 1380 1288 compositio.
1414 1197 1583 1260 Nam
1620 1190 1735 1284 qui
1771 1215 1914 1278 rec:

340 1290 407 1350 te
456 1279 801 1365 diviserit,
841 1307 1194 1374 nunquam
1251 1283 1502 1376 poterit
1557 1283 1630 1350 in
1690 1306 1918 1354 rerum

340 1371 585 1440 ordine
619 1397 866 1452 errare.
901 1377 1104 1444 Certa
1133 1373 1496 1442 suntenim
1527 1397 1664 1442 non
1697 1372 1918 1443 solum

343 1459 416 1529 in
440 1460 843 1555 digerendis
873 1463 1362 1557 quaestionibus
1393 1516 1412 1549 ,
1449 1464 1567 1534 sed
1601 1462 1806 1534 etiam
1846 1463 1918 1538 in

341 1551 785 1646 exequendiS,
846 1555 900 1624 si
944 1551 1150 1626 modo
1195 1555 1749 1639 recte·dicimus‚
1781 1553 1922 1646 priss

339 1667 451 1713 ma
486 1670 564 1716 ac
596 1645 893 1720 secunda
914 1698 937 1730 ,
974 1660 1042 1717 et
1085 1646 1408 1740 deinceps
1441 1673 1459 1717 ε
1491 1643 1918 1739 cohaeretque

342 1736 568 1805 omnis
604 1745 829 1806 reruin
884 1735 1276 1832 copulatio,
1341 1750 1412 1808 ut
1459 1735 1752 1810 einihil
1791 1763 1920 1808 nec

342 1825 649 1897 subtrahi
720 1827 866 1898 sine
917 1827 1280 1899 manifesto
1323 1827 1726 1914 intellectu,
1790 1853 1920 1905 nec

340 1916 554 1987 inseri
609 1918 844 2024 possit.
892 1919 1013 1989 An·
1062 1945 1229 1991 vero
1273 1921 1566 1991 Scaevola
1624 1922 1691 1991 in
1761 1914 1916 1991 lusu

340 2006 705 2079 duodecim
738 2006 1116 2102 scrupo'rum
1143 2066 1160 2093 ‚
1184 2038 1336 2083 cum
1365 2010 1554 2104 prior
1577 2012 1918 2103 calculum

336 2100 789 2191 promovisset
821 2153 840 2187 ‚
886 2115 1195 2195 essetque
1245 2104 1465 2175 victus
1496 2156 1514 2184 ‚
1571 2103 1734 2176 dum
1757 2110 1774 2137 ⁴
1801 2128 1918 2173 rus

339 2191 604 2277 tendit,
648 2194 939 2285 repetito
978 2196 1190 2263 totius
1224 2195 1612 2265 certaminis
1641 2192 1920 2277 ordine,

340 2308 476 2375 quo
512 2283 671 2353 dato
736 2298 1043 2371 errasset⁸
1072 2284 1508 2370 recordatus,
1565 2286 1773 2357 rediit
1828 2284 1920 2355 ad

338 2398 535 2459 eum,
583 2376 859 2470 quicum
894 2375 1194 2459 luserat,
1251 2377 1440 2482 isque
1505 2376 1598 2460 ita
1659 2378 1918 2450 factum

335 2490 479 2535 esse
509 2465 861 2538 confessus
894 2479 1032 2537 est:
1072 2467 1300 2537 minus
1337 2468 1516 2538 idem
1551 2468 1722 2539 ordo
1785 2492 1924 2538 va-

336 2554 508 2645 lebit
556 2556 631 2628 in
664 2558 973 2627 oratione
1006 2612 1025 2644 ‚
1058 2558 1429 2650 praesertim
1461 2571 1646 2629 totus
1676 2572 1917 2631 nostro

337 2646 625 2721 arbitrio
660 2650 1069 2735 constitutus
1094 2702 1115 2736 ‚
1149 2674 1302 2726 cum
1336 2662 1600 2721 tantum
1637 2650 1752 2721 ille
1785 2676 1922 2723 va-

336 2736 475 2805 leat
509 2738 815 2809 alternus
851 2748 877 2810 ἓ
1173 2754 1182 2763 “

425 2827 654 2899 Etiam
681 2857 826 2924 quae
870 2830 1047 2902 bene
1080 2831 1453 2924 composita
1483 2842 1683 2902 erunt
1718 2882 1740 2916 ‚
1771 2857 1932 2904 me-.

328 2920 619 2991 moriam
656 2922 984 2993 seriejua
1015 2922 1293 2995 ducent.
1325 2930 1498 2993 Nam
1523 2975 1542 3008 ‚
1576 2923 1750 2995 sicut
1812 2921 1918 2993 sa-

333 3010 533 3081 cilius
594 3038 827 3097 versus
888 3012 1257 3083 ediscimus
1282 3067 1301 3100 ‚
1365 3038 1569 3108 quam
1636 3012 1912 3108 prosam

327 3102 766 3191 orationem3
821 3102 914 3173 ita
973 3130 1240 3196 prosam
1269 3116 1278 3127 “
1305 3105 1602 3175 vinctam
1639 3156 1660 3189 ‚
1705 3129 1916 3197 quarn

272 3224 281 3236 ·
330 3188 754 3263 dissolutam.
806 3195 919 3265 Sic
966 3194 1358 3288 contingit,
1396 3208 1470 3265 ut
1503 3196 1710 3265 etiam
1762 3220 1916 3287 quse

328 3304 407 3349 ex
438 3287 739 3377 tempore
777 3284 1187 3357 videbantur
1219 3286 1429 3357 effusa
1456 3339 1475 3372 ‚
1502 3285 1592 3357 ad
1623 3284 1914 3358 verbum
