2188 3757
298 218 443 304 390
660 217 834 286 Lm.
892 216 1080 284 ΧΠ.
1143 189 1337 286 cn.
1389 218 1532 284 x1.

291 305 716 390 voluissent,
753 305 1150 400 protulisse.
1173 311 1402 400 Atque
1435 307 1509 378 id
1531 305 1682 381 viro
1708 305 1902 380 bono

292 397 459 470 eatis
490 411 633 484 est,
668 397 986 470 docuisse
1020 398 1208 494 quod
1241 399 1497 470 scierit.

386 497 471 562 11.
486 497 753 562 Vereor
778 503 1033 576 tamen,
1066 517 1154 562 ne
1183 504 1306 562 aut
1337 517 1586 587 magna
1602 490 1900 562 nimium

294 582 537 654 videar
561 584 828 690 exigere
850 637 869 670 ,
924 584 1044 678 qui
1064 583 1361 656 eundem
1378 585 1603 655 virum
1633 583 1899 654 bonum

274 697 473 760 esse,
523 687 592 746 et
636 675 915 748 dicendi
963 676 1264 770 peritum
1309 676 1512 748 velim
1541 701 1564 763 ;
1619 687 1741 750 aut
1789 683 1894 762 (1)

287 767 665 867 multa‚qui
688 780 791 839 tot
810 767 1075 840 artibus
1108 770 1180 838 in
1203 769 1506 862 pueritia
1525 769 1900 854 discendjs‚

288 885 563 930 morum
580 886 858 954 quoque
880 873 1240 954 praecepta,
1261 874 1326 932 et
1343 861 1700 934 scientiam
1722 865 1743 954 j
1755 861 1902 932 uris

294 951 525 1023 civilis
545 1005 565 1037 ,
605 967 851 1046 praeter
881 977 1184 1059 ea‚·quae
1213 953 1296 1023 de
1329 953 1728 1048 eloquentia
1760 965 1901 1024 tra·

296 1041 687 1130 debentur,
735 1043 1150 1133 adjecer1m3
1203 1044 1458 1139 quique
1506 1045 1650 1118 haee
1700 1043 1896 1139 operi
1995 1123 2003 1129 ,

290 1149 533 1206 nostro
568 1136 948 1218 necessaria
977 1162 1122 1207 esse
1160 1142 1262 1223 (2)
1294 1136 1706 1210 crediderim
1727 1191 1750 1224 ‚
1781 1164 1900 1206 ve-

288 1226 395 1298 lut
422 1227 695 1322 pondus
731 1228 831 1298 rei
852 1227 1400 1322 perhorrescant,
1423 1255 1501 1300 ac
1527 1229 1898 1323 desperent

292 1331 459 1390 ante
496 1320 1063 1413 experimentum.

380 1411 517 1484 sed
548 1411 623 1483 hi
658 1411 959 1504 primum
996 1412 1402 1486 renuntient
1435 1411 1566 1486 sibi
1589 1466 1608 1498 ‚
1633 1424 1895 1506 quanta

292 1505 384 1578 sit
416 1503 699 1576 humani
750 1498 1017 1592 ingenii
1052 1498 1192 1588 vis»,
1227 1527 1430 1601 quam
1458 1516 1704 1596 potens
1733 1506 1900 1576 effi-

294 1596 529 1670 ciendi
580 1622 730 1689 quae
781 1593 993 1678 velit,
1057 1619 1213 1664 cum
1271 1595 1488 1666 maria
1543 1597 1896 1684 transire,

289 1689 603 1762 siderum
652 1711 891 1760 cursus
936 1709 1396 1780 numerosque
1431 1713 1896 1781 cognoscere,

287 1782 627 1854 mundum
674 1780 693 1850 i
750 1803 900 1848 sum
940 1803 1118 1870 pene
1153 1777 1500 1862 dimetiri,
1543 1779 1884 1869 minores,

290 1875 414 1949 sed
484 1806 910 1945 difficiiiores
933 1921 954 1956 ‚
1008 1881 1190 1941 artes
1257 1868 1636 1964 potuerint.
1707 1881 1894 1947 Tum

294 1992 379 2043 co
428 1968 657 2051 itent-‚
696 1971 1023 2058 quantam
1052 1984 1195 2067 rem
1229 1975 1470 2055 petant
1494 2017 1513 2051 ,
1550 1992 1896 2062 quamque

283 1996 525 2135 nuilus
555 2058 641 2131 sit
674 2056 809 2127 hoc
850 2066 1206 2148 proposito
1240 2056 1520 2148 praemio
1549 2058 1749 2131 labor
1781 2084 1890 2131 re·

294 2150 667 2227 cusandus.
700 2156 801 2235 (3)
829 2144 1038 2237 Quod
1059 2146 1113 2233 si
1131 2152 1849 2244 mente-conceperint
1873 2205 1896 2238 ‚

280 2246 451 2321 huic
499 2268 774 2340 quoque
826 2240 1002 2334 parti
1056 2238 1328 2311 facilius
1368 2241 1754 2331 accedent,
1795 2257 1876 2315 ut

284 2340 516 2433 ipsum
552 2338 685 2407 iter
720 2358 948 2427 neque
984 2333 1392 2427 impervium
1417 2388 1438 2423 ‚
1481 2360 1704 2429 neque
1740 2336 1898 2408 sal-

284 2444 425 2503 tem
480 2430 732 2500 durum
785 2436 1053 2520 putent.
1343 2438 1350 2443 ·

386 2530 563 2594 Nam
612 2518 730 2606 id,
786 2516 975 2626 quod
1020 2516 1259 2612 prius,
1302 2518 1624 2614 quodque
1671 2524 1922 2607 majus,

286 2628 393 2699 est
417 2668 435 2701 ‚
468 2626 547 2685 ut
575 2612 743 2684 boni
775 2610 904 2683 vlri
940 2608 1186 2697 simus,
1217 2610 1572 2683 voluntate
1601 2612 1896 2685 maxime

294 2718 563 2779 constat
597 2733 614 2775 ε
651 2728 855 2799 quam
886 2702 1005 2797 qui
1040 2728 1200 2775 vera
1232 2700 1366 2773 fide
1403 2704 1710 2776 induerit
1734 2757 1754 2790 ‚
1787 2703 1894 2775 fa-

294 2799 426 2872 cile
460 2796 735 2871 easdem
760 2849 781 2881 ,
812 2821 960 2893 quae
1010 2795 1339 2867 virtutem
1375 2796 1663 2881 docent,
1711 2808 1898 2869 artes

294 2890 612 2986 accipiet.
646 2888 885 2982 Neque
932 2888 1118 2959 enim
1167 2902 1286 2959 aut
1330 2902 1471 2961 tam
1513 2888 1834 2983 perplexa
1859 2942 1886 2976 ‚

289 2997 415 3057 aut
442 2998 583 3055 tam
621 3005 985 3052 numerosa
1028 2994 1190 3051 sunt
1230 3008 1378 3075 quae
1411 2995 1772 3077 premunt,
1810 2993 1896 3052 ut

290 3102 436 3148 non
472 3100 848 3170 paucorum
874 3072 1246 3145 admodum
1275 3100 1617 3147 annorum
1642 3074 1894 3145 inten-

359 3263 361 3267 ’
406 3252 469 3319 ι)
496 3250 686 3319 Supple
705 3290 721 3315 ‚
744 3252 951 3301 nimium·
973 3248 1147 3303 multa.

402 3336 431 3368 ἰ
456 3320 482 3383 )
512 3318 834 3383 Legendum,
866 3316 1180 3369 crediderint.

354 3384 471 3452 (3)
498 3383 556 3438 Si
574 3394 738 3433 mente
758 3383 833 3434 rei
855 3381 1258 3450 magnitudinem
1277 3379 1622 3450 conceperint.
