2188 3757
638 122 767 188 De
834 121 1547 191 Contosrnonss.
1739 127 1866 214 157

295 213 429 284 mia
454 223 522 280 et
540 224 781 286 ornata
798 211 1176 303 claritatem
1201 237 1467 306 quoque
1493 217 1596 297 (ι)
1618 237 1862 285 vocum

295 316 578 396 poscant
606 302 868 393 potius,
896 327 1099 393 quam
1123 301 1230 370 his
1257 305 1618 372 contraria.
1637 305 1864 398 Magis

301 401 401 480 (2)
435 392 785 464 laudarem
818 393 1140 463 brevibus
1177 406 1571 486 argumenta
1598 447 1616 480 ‚
1653 395 1866 488 parti-

290 487 518 556 tiones
539 537 557 569 ‚
580 487 794 588 jocos
821 536 841 568 ,
902 497 970 552 et
1027 483 1356 578 quicquid
1418 497 1520 554 est
1566 487 1866 558 sermoni

248 614 258 624 ··
292 576 511 670 magis
544 574 787 644 simile.

379 673 617 758 Itaque
668 687 1151 756 componemus
1192 669 1574 756 prooemium
1619 669 1804 739 varie
1842 721 1864 756 ,

293 769 497 848 atque
546 768 623 824 ut
682 780 917 824 sensus
970 759 1118 842 ejus
1180 756 1621 846 postulabit...

360 854 535 916 Nam
583 845 833 936 judicis
874 846 1140 914 animus
1173 849 1356 917 varie
1394 860 1808 939 praeparatur
1841 877 1859 918 z

287 950 435 1006 {um
474 936 893 1006 miserabiles
938 962 1081 1006 esse
1129 938 1483 1022 volumus,
1536 950 1684 1007 tum
1717 963 1860 1008 mo-

288 1028 464 1097 desti
520 1080 539 1112 ‚
610 1039 757 1096 tum
816 1052 1001 1096 acres
1051 1080 1070 1112 ‚
1146 1041 1291 1097 tum
1415 1054 1651 1111 naves,
1712 1043 1860 1101 tum

288 1117 523 1188 blandi
554 1170 572 1202 ‚
615 1131 759 1186 tum
803 1117 1075 1186 flectere
1107 1171 1124 1201 ‚
1147 1133 1291 1186 tum
1319 1143 1356 1186 a
1431 1117 1858 1210 diligentiam

286 1208 573 1278 hortari.
626 1215 826 1290 Haec,
894 1221 971 1276 ut
1035 1221 1192 1276 sunt
1250 1207 1512 1278 diversa
1562 1222 1849 1294 natura,

286 1298 683 1368 dissimilem
716 1299 1170 1392 componendi
1206 1325 1474 1394 quoque
1520 1301 1854 1372 rationem

284 1390 701 1473 desiderant.
733 1396 843 1458 An
886 1389 1223 1459 similibus
1269 1392 1509 1460 Cicero
1553 1416 1712 1460 usus
1751 1405 1855 1462 est

284 1487 565 1550 numeris
597 1481 669 1549 in
696 1481 973 1550 exordio
998 1505 1124 1572 pro
1141 1482 1436 1565 Milone,
1466 1509 1590 1574 pro
1607 1483 1854 1554 Cluen*

188 1662 193 1667 ⁴
246 1625 252 1630 .
284 1572 425 1654 tic,
461 1597 585 1662 pro
620 1573 899 1663 Ligario
928 1581 955 1642 ἐ’

372 1661 703 1732 Narratio
738 1662 877 1732 fere
926 1661 1298 1746 tardiores,
1339 1675 1539 1754 atque
1565 1715 1586 1745 ‚
1626 1663 1850 1735 ut·sic

214 1767 219 1772 “
280 1751 563 1822 dixerim
594 1805 613 1836 ‚
653 1752 1098 1822 modestiores
1137 1752 1475 1821 desiderat
1513 1752 1753 1842 pedes,
1781 1767 1850 1824 et

278 1843 677 1913 nominibus
729 1845 1027 1914 maxime·
1067 1843 1333 1914 mixtos.
1371 1851 1543 1914 Nam
1591 1857 1659 1913 et
1707 1871 1849 1916 ver-

277 1934 385 2004 bis
428 1949 503 2003 ut
544 1936 785 2027 saepius
827 1961 1053 2027 pressa
1094 1948 1237 2018 est,
1287 1936 1380 2005 ita
1428 1936 1702 2005 interim
1741 1937 1848 2007 in-

278 2025 542 2118 surgit:
586 2025 703 2095 sed
737 2025 979 2095 docere
1028 2038 1096 2094 et
1138 2026 1419 2131 infigere
1456 2027 1701 2095 animis
1737 2052 1843 2097 res

200 2132 207 2137 '
277 2140 542 2208 semper
584 2116 811 2207 cupit:
844 2115 1027 2207 quod
1062 2116 1339 2185 minime
1373 2116 1846 2187 festinantium

277 2222 449 2298 opus
493 2218 615 2275 est.
655 2214 757 2276 Ac
810 2206 978 2275 mihi
1031 2206 1303 2275 videtur
1354 2218 1497 2275 tota
1545 2212 1844 2278 narratio

275 2310 586 2367 constare
645 2296 1075 2389 longioribus
1123 2297 1466 2385 membriS,
1512 2296 1848 2370 breviori-

271 2384 401 2456 bus
438 2390 751 2477 periodis.

252 2490 257 2497 '
360 2484 782 2570 Argumenta
819 2478 999 2548 acria
1032 2491 1100 2547 et
1126 2478 1330 2547 citata
1355 2478 1648 2568 'pedibus
1673 2505 1844 2571 quo-

270 2592 405 2659 que
420 2568 516 2637 ad
542 2568 719 2639 banc
747 2582 1062 2637 naturam
1093 2568 1617 2641 accommodatis
1645 2584 1844 2639 uten-

268 2670 447 2741 tur‚·
488 2686 626 2728 non
688 2673 914 2729 tamen
981 2659 1073 2727 ita
1146 2672 1219 2727 ut
1293 2658 1634 2743 trochaeisg
1690 2658 1874 2752 quae‘

268 2750 519 2824 celeria
560 2750 837 2843 quidem
873 2804 891 2836 ‚
954 2748 1071 2819 sed
1131 2752 1276 2818 sine
1331 2749 1596 2820 viribus
1654 2765 1835 2823 sunt.

186 2839 197 2847 ’
264 2846 525 2915 Verum
570 2842 873 2935 quamvis
924 2840 1426 2913 sintbrevibus
1467 2841 1835 2937 longisque

332 3030 355 3097 (
378 3012 431 3097 ¹3
468 3013 653 3081 Malim³
684 3013 877 3097 legere,
908 3000 1067 3081 vocis.

242 3146 249 3153 -
330 3113 401 3177 (α
425 3116 449 3180 )
476 3112 572 3163 Hic
605 3112 799 3179 aliquid
822 3112 992 3162 mendi
1022 3115 1208 3165 subest-¹
1233 3115 1330 3165 Pro
1350 3074 1642 3187 laudarem?
1713 3112 1835 3164 alim

260 3178 451 3243 legere,
484 3178 736 3227 donarem.
769 3179 1021 3231 Breviores
1054 3180 1202 3247 pedes
1241 3180 1396 3247 magis
1416 3193 1698 3227 conveniun
1747 3198 1837 3231 ar-

239 3275 249 3287 .
262 3244 507 3311 gamunda
526 3279 545 3311 ,
562 3256 657 3293 etc.
