2188 3757
367 319 503 401 374
735 315 930 379 Lu.
990 313 1178 378 XII.
1243 315 1435 380 cn».
1495 313 1589 378 X.

364 405 562 484 dam,
593 414 739 471 tum
768 399 1221 470 similitudine
1263 402 1407 494 ipsa
1445 402 1670 472 minus
1703 425 1940 472 suaves

366 491 746 578 habemus;
793 493 954 585 quia
1001 493 1242 562 ultima
1273 492 1530 586 syllaba
1573 519 1700 564 nec
1740 505 1941 563 acuta

368 611 671 677 unquam
725 585 1092 668 excitatur,
1141 609 1268 653 nee
1303 588 1499 672 flexa
1542 586 1946 655 circumdu-

368 678 585 762 citur,
606 676 723 746 sed
753 677 820 745 in
844 701 1114 768 gravem
1133 729 1150 759 ‚
1177 675 1282 744 vel
1310 675 1476 745 duas
1495 701 1736 768 graves
1758 675 1944 752 cadit

369 793 654 860 semper.
711 775 944 858 Itaque
1000 778 1194 835 tanto
1255 779 1355 835 est
1411 793 1630 836 sermo
1687 791 1944 858 graecus

368 858 587 928 latino
615 859 1019 945 jucundior,
1046 871 1122 926 ut
1149 858 1364 926 nostri
1391 869 1603 950 poetae
1623 911 1641 942 ‚
1675 860 1944 950 quoties

368 950 569 1020 dulce
600 974 871 1020 carmen
910 973 1051 1018 esse
1094 951 1504 1034 voluerunt,
1554 948 1830 1020 illorum
1873 947 1949 1020 id

368 1042 767 1111 nominibus
811 1053 1164 1110 exornent.

460 1135 591 1202 His
624 1131 741 1202 itla
786 1131 1211 1224 potentiora,
1263 1131 1447 1224 quod
1497 1155 1603 1200 res
1637 1130 1948 1224 plurimae

369 1237 602 1294 carent
635 1221 1214 1316 appeliationibus
1239 1277 1258 1306 ‚
1299 1235 1376 1291 ut
1405 1247 1516 1292 eas
1550 1247 1824 1292 necesse
1859 1222 1952 1292 sit

370 1322 471 1400 (ι)
496 1315 851 1398 transferre
874 1367 892 1397 ‚
914 1327 1031 1382 aut
1056 1318 1398 1384 circumire
1434 1340 1458 1382 .·
1483 1312 1687 1383 etiam
1707 1313 1778 1385 in
1813 1313 1900 1382 iis
1925 1365 1949 1399 ‚

366 1433 514 1500 quae
557 1406 997 1492 denominata
1040 1417 1237 1488 sunt,
1287 1431 1547 1474 summa
1581 1417 1950 1498 paupertas

367 1497 440 1568 in
484 1497 717 1566 eadem
756 1521 879 1564 nos
918 1495 1466 1587 frequentissime
1474 1494 1788 1656 ‹fflmlm
1824 1523 1842 1564 τ
1877 1508 1953 1566 at

367 1588 505 1660 illis
532 1614 669 1658 non
706 1587 1068 1658 verborum
1106 1586 1310 1657 modo
1338 1641 1357 1671 ‚
1399 1613 1468 1657 se
1605 1610 1949 1680 nguarum

368 1681 572 1750 etiam
617 1681 800 1750 inter
842 1705 909 1748 se
947 1679 1416 1749 differentium
1453 1678 1649 1771 copia
1683 1692 1806 1748 est.

463 1777 694 1859 Quare
746 1771 867 1862 qui
911 1795 949 1838 a
994 1770 1262 1839 Latinis
1315 1769 1522 1861 exigit
1567 1769 1752 1838 illam
1779 1795 1954 1864 gra-

367 1861 533 1932 tiam
584 1860 916 1931 sermonis
970 1859 1207 1945 attici,
1267 1858 1384 1929 det
1411 1860 1606 1931 mihi
1664 1861 1736 1931 in
1787 1862 1954 1931 elo-

366 1951 640 2046 quendo
674 1950 979 2021 eamdem
1021 1950 1560 2039 jucunditatem,
1603 1966 1671 2022 et
1711 1978 1949 2045 parem

368 2044 656 2136 copiam.
692 2042 899 2130 Quod
931 2042 985 2112 si
1022 2054 1342 2135 negatum
1377 2056 1522 2129 est,
1569 2046 1949 2115 sententias

366 2135 751 2229 aptabimus
780 2134 863 2203 iis
888 2134 1169 2204 vocibus
1191 2188 1209 2218 ‚
1240 2160 1405 2226 quas
1430 2135 1785 2217 habemus,
1817 2162 1952 2207 nec

367 2254 595 2297 rerum
636 2226 914 2297 nimiam
948 2227 1393 2310 tenuitatem,
1437 2239 1513 2297 ut
1544 2252 1684 2296 non
1719 2227 1950 2298 dicam

365 2315 879 2424 pinguim-ihm,
904 2316 1306 2386 fortioribus
1335 2330 1515 2387 certe
1536 2316 1762 2387 verbis
1791 2320 1951 2389 mis-

368 2410 715 2493 cebimus,
772 2432 858 2477 ne
917 2409 1135 2480 virtus
1180 2421 1464 2503 utraque
1517 2421 1750 2503 pereat
1798 2410 1950 2505 ipsa

366 2500 794 2571 confusione.

454 2600 625 2663 Nam
660 2616 795 2683 quo
836 2590 1064 2659 minus
1098 2589 1374 2675 adiuvat
1399 2594 1678 2677 'serm05
1712 2618 1947 2663 rerum

366 2680 765 2753 inventione
793 2682 1244 2773 pugnandum
1273 2694 1394 2751 est.
1428 2690 1678 2753 Sensus
1713 2685 1950 2755 subli—

363 2798 504 2841 mes
524 2773 829 2865 variique
856 2785 1207 2841 eruantur.
1227 2775 1678 2845 Pet-movendi
1707 2803 1947 2848 omnes

364 2865 645 2934 affectus
671 2875 905 2949 erunt,
932 2864 1154 2936 oratio
1175 2859 1689 2953 ‘translationum
1715 2870 1946 2939 nitore

372 3036 726 3101 G1*a²›i3‚ideo
753 3035 891 3102 quod
906 3034 1153 3103 deprimat
1169 3051 1253 3089 aut
1274 3038 1488 3107 deponat
1507 3061 1522 3102 3
1549 3038 1910 3111 circumflexus
1925 3081 1944 3110 ‚
1985 3085 1992 3086 ff

362 3122 420 3155 eo
438 3104 576 3171 quod
594 3102 841 3172 deprimat
858 3114 1006 3169 atque
1023 3116 1182 3153 acuat.
1208 3108 1268 3155 In
1285 3123 1587 3175 unaquaque
1603 3120 1739 3175 parte
1761 3110 1948 3162 oratio-

322 3224 331 3231 ,
361 3170 585 3220 niem-sis
607 3182 653 3219 et
681 3167 827 3218 thesis
860 3180 1004 3229 sunt3
1031 3180 1087 3217 ut
1115 3170 1171 3219 in
1192 3168 1289 3221 hac
1320 3183 1438 3223 voce
1461 3185 1673 3237 fnatu'm
1697 3212 1713 3239 ‚
1740 3176 1945 3244 quando

362 3236 475 3284 dico
491 3245 635 3297 natu,
652 3234 866 3285 elevatur
884 3251 981 3283 vox
993 3272 1007 3298 ‚
1026 3248 1075 3283 ct
1087 3247 1157 3284 est
1176 3238 1302 3286 arsis
1315 3238 1368 3287 in
1384 3250 1436 3287 tu
1451 3257 1468 3289 .·
1487 3240 1691 3309 quando
1699 3259 1850 3309 ‘vex-o,
1867 3260 1943 3310 ra,

362 3298 659 3367 deprimitur
686 3317 811 3359 vox,
835 3314 883 3349 et
910 3313 979 3349 est
1010 3298 1174 3350 thesis.
1201 3302 1442 3357 Priscian.

428 3368 511 3430 (1)
540 3365 879 3416 Translatione
908 3382 995 3417 seu
1025 3364 1315 3438 metaphora
1328 3408 1346 3443 ,
1367 3368 1681 3450 antcireuitu
1701 3382 1787 3426 seu
1809 3364 1961 3444 peri·'

362 3428 533 3497 phrasi
560 3428 861 3498 siguificare.
