2188 3757
637 269 759 334 DE
835 269 1388 336 Scamnum).
1670 289 1803 356 209

219 353 490 452 'alioqui
538 356 720 426 inter
759 382 1012 460 paucos
1058 357 1394 441 disertus,
1438 368 1504 425 et
1556 353 1805 450 dignus

191 451 348 520 ‚illa
405 449 946 542 propinquitate.
1014 453 1076 516 Is
1150 473 1302 517 cum
1360 451 1801 534 Secundum,

221 542 472 632 ⁴scholae
511 538 735 608 adhuc
766 546 865 623 (1)
897 552 1257 631 operatum
1285 591 1303 622 ‚
1339 540 1600 608 tristem
1626 539 1803 610 sorte

226 633 512 702 vidisset
536 683 554 713 ‚
589 630 1038 722 interrogavit
1071 683 1090 714 .,
1140 657 1287 723 quae
1320 655 1521 700 causa
1555 630 1801 700 frontis

217 736 366 792 -tam
413 719 722 792 adductae
763 731 792 789 Ρ
849 746 976 792 nec
1031 720 1483 791 dissimulavit
1539 718 1803 790 adoles-

227 840 428 898 cem,
487 813 764 880 tertium
823 815 956 900 jam
1029 811 1213 882 diem
1270 839 1413 882 esse
1448 865 1467 896 ‚
1526 837 1605 895 ex
1711 838 1801 882 uo

227 905 418 974 omni
464 902 695 974 labore
739 904 1034 972 materiae
1074 903 1161 974 ad
1186 901 1621 974 scribendum
1658 837 1805 972 ges-

223 995 456 1064 tinaiae
505 1019 644 1062 non
684 993 1025 1064 inveniret
1067 994 1419 1065 exordium
1455 1021 1470 1062 ε
1552 1019 1641 1062 uo
1668 991 1799 1064 sibi

223 1113 365 1154 non
425 1110 718 1176 praesens
781 1097 1048 1154 tantum
1112 1084 1366 1168 dolor,
1428 1110 1495 1153 se
1552 1085 1800 1153 etiam

225 1176 612 1268 desperatio
647 1175 716 1244 in
741 1187 1089 1267 posterum
1110 1174 1325 1244 fieret.
1352 1181 1533 1244 Tum
1554 1173 1801 1244 Florus

227 1265 538 1338 arridens
567 1293 582 1335 :
613 1265 968 1358 Numquid,
991 1277 1059 1334 lu
1084 1318 1119 1349 ‚.
1139 1265 1366 1359 inquit
1386 1317 1405 1351 ‚
1434 1265 1666 1336 melius
1694 1265 1803 1336 di-

225 1385 372 1429 cere
414 1357 546 1442 vis,
593 1383 787 1450 quam
825 1367 1011 1447 poles
1049 1365 1074 1426 ἓ
1127 1362 1226 1426 Ita
1277 1382 1347 1426 se
1394 1382 1501 1426 res
1546 1355 1797 1428 habet:

185 1511 190 1526 ἴ
227 1449 606 1520 curandum
633 1462 733 1518 est
759 1501 776 1535 ‚
814 1461 888 1516 ut
930 1474 1130 1540 quam
1168 1448 1423 1540 optime
1453 1447 1795 1518 dicamus:

225 1539 595 1610 dicendum
637 1553 862 1610 tamen
911 1565 1035 1630 pro
1085 1538 1431 1608 facultates
1491 1541 1599 1608 Ad
1640 1565 1799 1630 pro·

225 1631 482 1702 fectum
518 1630 702 1701 enim
734 1655 906 1724 opus
937 1641 1042 1698 est
1075 1627 1305 1698 studio
1328 1679 1349 1715 ‚
1387 1653 1529 1698 non
1578 1629 1799 1720 indig-

193 1723 532 1792 -natione

315 1822 414 1886 Ut
441 1813 774 1907 possimus
797 1779 1021 1887 autem
1039 1812 1333 1887 scribere
1352 1810 1556 1885 etiam
1578 1809 1799 1904 plura,

223 1918 294 1975 et
323 1906 612 1977 celerius
633 1958 652 1989 ,
689 1930 830 1975 non
861 1907 1259 1981 exercitatio
1292 1904 1495 1975 modo
1526 1916 1800 1995 praest-a-

211 1994 370 2083 bit,
415 1998 486 2067 in
535 2022 669 2089 qua
701 1995 848 2067 sine
885 1996 1101 2067 dubio
1139 1996 1429 2067 multum
1478 2006 1623 2077 est,
1674 1993 1797 2064 sed

221 2089 430 2157 etiam
487 2088 708 2171 rati03
755 2086 812 2157 si
859 2114 1001 2157 non
1057 2087 1423 2178 resupini,
1487 2097 1797 2175 spectan-

219 2190 458 2271 tesque
493 2190 746 2247 tectum
766 2230 785 2262 ‚
815 2193 886 2247 et
928 2177 1417 2271 cogitationem
1448 2199 1795 2244 murmure

221 2270 560 2374 agitantes
590 2322 609 2353 ‚
661 2269 1235 2359 expectaverimus
1268 2322 1288 2354 ‚
1367 2266 1533 2359 quid
1584 2264 1791 2337 obve-

221 2374 370 2429 mat
399 2386 422 2445 3
456 2360 572 2431 sed
602 2414 621 2443 ‚
662 2360 830 2453 quid
877 2385 983 2429 res
1024 2371 1299 2453 poscat,
1349 2357 1516 2451 quid
1552 2382 1798 2449 perso-

219 2476 380 2521 nam
423 2452 694 2535 deceat‚
722 2451 907 2544 quod
942 2452 1028 2521 sit
1061 2465 1366 2543 tempus,
1395 2447 1514 2541 qui
1544 2447 1795 2537 judicis

217 2544 526 2627 animus,
565 2543 844 2626 intuiti,
890 2543 1194 2611 humano
1238 2540 1553 2633 quodam
1588 2536 1793 2607 modo

217 2631 780 2703 ad‘scribendum
806 2632 1307 2713 accesserimus.
1344 2630 1455 2701 Sic
1486 2628 1687 2697 nobis
1722 2640 1793 2697 et

219 2723 468 2808 initia,
525 2736 594 2795 et
645 2750 792 2817 quae
853 2735 1238 2817 sequuntur
1268 2774 1288 2807 ‚
1340 2731 1587 2790 natura
1648 2717 1796 2812 ipsa

217 2815 586 2906 praestabit.
635 2822 839 2885 Certa
865 2828 1028 2884 sunt
1055 2814 1241 2883 enim
1272 2812 1595 2905 pleraque
1616 2862 1635 2896 ‚
1684 2822 1791 2897 et,

214 2905 348 2975 nisi
397 2908 917 2991 conniveamuS‚
959 2907 1032 2975 in
1083 2906 1319 2976 oculos
1376 2905 1785 2973 incurrunt:

214 2996 509 3091 ideoque
551 3024 679 3070 nec
713 2997 974 3067 indocti
1019 3024 1146 3067 nec
1184 2997 1419 3067 rustici
1460 2994 1578 3065 diu
1620 3019 1793 3085 quae-

213 3101 417 3171 runt,
454 3088 636 3158 unde
669 3089 810 3158 inci
865 3091 1054 3158 iant:
1088 3114 1225 3180 quo
1265 3084 1663 3180 pudendum
1690 3094 1793 3151 est
1854 3145 1864 3157 .

213 3180 430 3273 magis
450 3234 468 3265 ‚
496 3181 550 3249 si
580 3180 812 3249 difficu
843 3192 1050 3249 tatem
1077 3180 1241 3250 facit
1266 3175 1600 3250 doctrine.
1630 3180 1789 3243 Non

214 3295 381 3362 ergo
443 3284 760 3363 putemus
794 3324 814 3357 ‚
877 3296 1141 3363 semper
1201 3268 1537 3361 optimum
1593 3288 1735 3333 esse
1772 3278 1826 3349 ,“

284 3393 370 3461 (1)
401 3392 622 3462 Quidam
638 3396 810 3463 legunt
827 3412 839 3446 :
858 3394 1044 3453 Adhuc
1066 3398 1269 3461 operam
1285 3392 1501 3441 dantem.
