2188 3757
578 274 692 343 Du
741 296 943 343 coru
987 279 1409 342 venzonum.
1653 274 1779 361 169

174 368 437 452 etiam,
467 363 522 434 si
559 368 786 434 minus
828 389 1022 457 pares
1041 362 1503 450 videbuntur,
1534 362 1780 456 aliquae

189 470 422 529 tamen
459 456 546 525 ad
595 454 1139 549 cognoscendam
1193 455 1419 524 litium
1476 454 1787 548 quaestio-

193 570 350 625 nem
391 560 577 616 recte
607 547 1046 639 requirentur
1066 571 1087 630 3
1124 558 1199 614 ut
1230 558 1475 615 contra·
1508 546 1786 617 Cicero-

191 640 300 709 nis
327 639 714 721 orationes,
739 636 1137 707 Tuberonis
1164 636 1238 705 in
1270 643 1355 725 Q.
1381 637 1733 729 Ligarium
1769 662 1796 722 3

189 744 261 806 et
305 728 666 799 Hortensii
707 752 831 821 pro
880 734 1116 797 Verrei
1146 728 1547 815 Quinetiam
1574 781 1593 812 ‚
1636 755 1785 799 eas-

187 820 350 893 dem
395 844 640 891 causas
674 830 753 887 ut·
828 819 1065 911 uisque
1120 818 1377 911 egerit,
1430 819 1600 888 utile
1650 822 1783 889 erit

167 912 392 982 scire.
423 918 596 981 Nam
623 922 748 1002 prb
780 844 988 979 domo
1015 910 1373 981 Ciceronis
1400 909 1567 980 dixit
1602 911 1783 981 Cali-

190 1002 376 1087 dius3
403 1014 474 1071 et
495 1028 620 1107 pro
644 1000 910 1071 Milone
933 1002 1314 1071 orationem
1328 1007 1581 1071 Brutus
1600 1026 1783 1071 exer-

190 1093 547 1163 citationis
605 1092 822 1183 gratia
886 1090 1158 1183 scripsit
1193 1144 1211 1175 ‚
1251 1092 1517 1161 etiamsi
1562 1094 1781 1183 egisse

163 1210 355 1255 eum
398 1184 762 1253 Cornelius
795 1182 1034 1251 Celsus
1076 1182 1246 1250 salso
1280 1181 1639 1252 existimat.
1689 1190 1783 1255 Et

191 1274 421 1365 Pollio
477 1300 554 1345 ao
600 1273 896 1343 Messala
953 1271 1413 1342 defenderunt
1461 1274 1781 1363 eosdem,

193 1380 264 1437 et
289 1364 495 1435 nobis
522 1365 751 1457 pueris
779 1365 1080 1457 insignes
1116 1388 1239 1456 pro
1268 1364 1623 1439 Voluseno
1658 1373 1781 1438 Ca-

188 1457 348 1526 tulo
373 1509 392 1542 ‚
430 1456 722 1526 Domitii
755 1456 944 1540 Afri,
975 1454 1197 1546 Crispi
1242 1458 1587 1545 Passieni,
1623 1464 1782 1532 De..

195 1548 362 1619 cimi
391 1548 583 1617 Laelii
617 1547 964 1617 orationes
1003 1545 1421 1616 ferebantur.

286 1646 529 1731 Neque
565 1637 636 1723 id
677 1638 904 1708 statim
941 1636 1196 1728 legenti
1230 1662 1626 1728 persuasum
1658 1642 1780 1729 sit,

195 1730 432 1801 omnia
451 1755 646 1822 ‚quae
673 1730 900 1821 magni
929 1741 1240 1797 auctores
1266 1728 1604 1816 dixerint,
1642 1734 1779 1803 uti-

194 1846 340 1915 que
367 1825 526 1890 “esse
561 1820 884 1913 perfecta.
945 1826 1119 1889 Nam
1170 1832 1237 1888 et
1268 1819 1597 1892 labuntur
1634 1822 1777 1894 ali-

195 1911 479 2018 quando
510 1965 530 1997 ,
585 1924 655 1982 et
681 1912 875 1982 oneri
933 1911 1222 1997 cedunt,
1282 1923 1349 1982 et
1414 1913 1780 2008 indulgent

196 2000 640 2095 ingeniorum
666 2027 943 2072 suorum
978 2002 1313 2094 voluptati
1345 2025 1368 2088 3
1417 2029 1547 2074 nec
1587 2033 1779 2076 sem-

196 2119 324 2187 per
371 2092 744 2163 intendunt
785 2095 1121 2176 animum,
1162 2105 1234 2160 et
1279 2095 1779 2201 nonnunquam

195 2185 620 2276 fatigantur3
677 2209 832 2254 eum
883 2190 985 2268 (1)
1021 2183 1343 2252 Ciceroni
1401 2185 1775 2258 dormitare

168 2274 480 2350 ‚interim
506 2274 1036 2359 Demosthenes,
1073 2275 1368 2345 Horatio
1406 2277 1611 2348 etiam
1636 2285 1779 2350 Ho-

200 2391 430 2436 merus
463 2367 607 2460 ipse
655 2365 990 2437 videatur.
1014 2366 1275 2435 Summi
1334 2367 1522 2438 enim
1576 2383 1776 2458 sunt,

197 2455 516 2528 homines
544 2471 775 2528 tamen
805 2457 1225 2554 :acciditque
1250 2457 1366 2540 iis,
1395 2459 1511 2549 q'ui
1536 2513 1551 2540 ,
1584 2464 1777 2553 quie-

200 2548 372 2640 quid
400 2548 582 2640 apud
613 2547 769 2618 illos
795 2559 1236 2640 repererunt,
1264 2546 1540 2634 dicendi
1558 2550 1778 2642 legem

203 2651 484 2730 putant,
521 2652 598 2709 ut
627 2639 969 2709 deteriora
1002 2638 1417 2722 imitentur(
1458 2639 1527 2708 id
1588 2642 1775 2712 enim

205 2743 306 2800 est
345 2729 664 2816 facilius)
687 2755 768 2800 ac
791 2756 860 2800 se
901 2727 1175 2799 abunde
1212 2727 1467 2800 similes
1508 2744 1775 2823 putent,

205 2818 259 2888 si
291 2819 462 2890 vitia
492 2845 893 2914 magnorum
923 2833 1454 2913 consequantur.

291 2911 606 2982 Modeste
668 2923 895 2981 tamen
932 2923 998 2978 et
1057 2910 1547 3006 circumspecto
1595 2914 1779 3004 judi-

205 3000 314 3072 cio
339 3002 424 3073 de
451 3002 659 3071 tantis
693 3003 856 3072 viris
890 3003 1482 3096 pronuntiandum
1508 3017 1608 3074 est
1633 3057 1652 3089 ‚
1686 3031 1774 3076 ne

210 3097 240 3174 (
271 3093 454 3184 quod
493 3093 833 3186 plerisque
865 3093 1114 3186 accidit
1146 3101 1176 3178 )
1228 3094 1592 3177 damnent,
1630 3121 1777 3187 quae

205 3207 346 3252 non
368 3178 785 3280 intelligunt.
805 3192 904 3252 Ac
925 3182 976 3251 si
993 3175 1475 3254 necesse'est'in
1496 3184 1776 3256 alteram

203 3296 431 3362 errare
489 3287 788 3366 parte-m,
823 3275 1052 3342 omnia
1096 3299 1333 3344 eorum
1386 3277 1781 3368 legentibus

270 3388 351 3464 (i)
371 3396 510 3448 Orat.
543 3397 655 3462 ¹⁰4·
686 3399 804 3450 Arte
825 3397 1022 3452 Po'e’ticn
1040 3435 1057 3466 ,
1081 3394 1196 3465 359»

397 3462 603 3534 Tome
642 3463 736 3534 II.
1385 3467 1457 3533 H
