2188 3757
515 266 642 331 De
707 286 1481 337 omnum-meeum.
1667 268 1801 333 383

223 353 920 425 commodatissimum
969 362 993 422 ἰ’
1033 359 1138 443 (1)
1159 362 1329 425 Nam
1362 371 1423 423 et
1460 357 1803 425 Homerus

225 446 503 516 brevem
559 444 840 551 quidem
872 470 1026 513 eum
1070 446 1281 515 animi
1324 446 1752 533 jucunditate
1781 500 1800 532 ‚

221 551 295 607 et
357 560 704 629 propriam
761 542 794 620 (
841 535 917 606 id
983 538 1169 606 enim
1240 550 1343 607 est
1394 563 1528 607 non.
1582 563 1804 609 errare

223 628 436 701 verbis
461 637 490 712 )
519 679 536 710 ‚
557 641 626 697 et
651 640 996 698 carentem
1021 629 1455 722 supervacuis
1480 628 1801 721 eloquen-

223 721 391 789 tiam
445 718 768 789 Menelao
817 718 1056 804 dedit,
1110 746 1256 812 quae
1314 733 1471 789 sunt
1516 719 1807 791 virtutes

270 811 494 880 eneris
529 810 714 880 illius
738 810 966 901 primi.
998 818 1097 897 (2)
1128 818 1215 881 Et
1245 836 1333 883 ex
1356 837 1469 883 ore
1490 812 1798 881 Nestoris

223 838 398 973 flixit
436 901 793 973 dislcidrem
823 902 1014 973 melle
1037 906 1367 995 profluere
1396 928 1751 975 sermonem
1772 928 1797 972 .·

219 1005 358 1085 qua
406 1007 586 1063 certe
624 993 1078 1064 delectatione
1130 994 1304 1063 nihil
1363 994 1531 1087 fingi
1580 998 1797 1082 majus
1879 1021 1883 1023 ·

226 1098 470 1175 potest.
514 1092 614 1171 (3)
643 1085 776 1155 Sed
805 1110 1133 1155 summam
1166 1111 1517 1178 aggressus
1555 1138 1575 1169 ‚
1616 1098 1689 1155 ut
1722 1085 1799 1155 in

218 1176 506 1267 Ulysse‚
566 1175 958 1245 facundiam
1001 1230 1020 1260 ‚
1081 1178 1627 1268 magnitudinem
1690 1175 1795 1247 illi

215 1266 441 1358 junxit
479 1294 494 1335 ε
547 1268 657 1337 cui
681 1268 1355 1339 orationemm'vibus
1384 1268 1695 1361 hybernis
1728 1277 1795 1337 et

217 1363 415 1448 copia
447 1360 785 1429 verborum
807 1412 826 1443 ‚
861 1371 1059 1451 atque
1106 1366 1347 1451 impetu
1380 1386 1611 1451 parem
1670 1358 1799 1427 tri-

216 1448 395 1537 buit.
454 1455 624 1519 Cum
681 1451 814 1520 hoc
879 1452 1090 1541 igitur
1152 1476 1349 1521 nemo
1402 1449 1797 1521 mortalium

216 1542 589 1611 contendet
623 1568 638 1609 ε
674 1542 861 1611 hunc
895 1554 970 1610 ut
1000 1542 1203 1611 deum
1238 1541 1549 1611 homines
1575 1542 1798 1611 intue-
1886 1566 1889 1569 ’

213 1631 500 1702 buntur.
534 1638 736 1701 Hanc
769 1632 904 1701 vim
935 1646 1002 1699 et
1031 1631 1446 1701 celeritatem
1480 1633 1553 1701 in
1604 1629 1797 1713 Beri-

215 1724 320 1793 cle
391 1724 688 1793 miratur
743 1722 1032 1815 Eupolis
1069 1750 1090 1807 3
1152 1722 1331 1793 hanc
1386 1722 1795 1793 fulminibus

211 1816 708 1908 Aristophanes
743 1828 1126 1910 comparat:
1156 1813 1307 1886 haec
1340 1827 1441 1886 est
1480 1840 1642 1888 vera
1672 1814 1797 1884 di-

215 1907 419 1977 cendi
447 1907 752 1976 facultas.
776 1968 792 1980 .

304 1998 441 2068 Sed
487 2023 712 2089 neque·
751 1996 858 2066 his
889 1998 1113 2067 tribus
1160 1999 1353 2088 quasi
1409 1997 1644 2066 formis
1692 1997 1794 2069 in·

213 2089 400 2158 clusa
427 2089 820 2183 eloquentia
848 2101 969 2157 est.
995 2096 1167 2158 Nam
1204 2109 1281 2156 ut
1317 2089 1497 2157 inter
1534 2088 1791 2192 gracile

211 2179 680 2272 validumque,
729 2181 1010 2249 tertium
1053 2179 1316 2270 aliquid
1340 2191 1797 2255 constitutum

213 2284 317 2341 est
339 2297 363 2357 ;
393 2273 486 2341 ita
522 2272 768 2340 horum
801 2271 1160 2344 intervalla
1208 2283 1388 2340 sunt.
1436 2276 1525 2361 At
1574 2295 1659 2338 ue
1694 2270 1795 2338 in}-

189 2375 320 2432 *ter
351 2364 492 2432 haec
524 2363 670 2455 ipsa
713 2362 987 2432 mistum
1032 2362 1361 2456 quiddam
1402 2387 1481 2430 ex
1518 2295 1791 2444 duobus

210 2453 514 2524 medium
543 2467 644 2524 est
675 2480 934 2525 eorum.
967 2463 1139 2524 Nam
1162 2467 1229 2523 et
1250 2453 1484 2524 subtili
1519 2452 1800 2543 plenius.

209 2545 475 2650 aliq‘fld
509 2559 712 2638 atque
759 2546 1121 2628 subtilius,
1156 2559 1229 2614 et
1266 2543 1653 2614 vehementi
1686 2569 1794 2612 re·
1887 2559 1951 2595 “x
2008 2560 2028 2572 ··

207 2659 484 2705 mlssius
517 2650 717 2729 atque
757 2637 1226 2724 vehementius
1260 2635 1610 2705 invenitur
1642 2661 1659 2703 z
1696 2646 1793 2712 ,ut

209 2725 387 2796 illud
425 2727 576 2798 lene
611 2741 728 2796 aut
766 2727 1067 2813 ascendi,
1086 2727 1175 2796 ad
1206 2727 1513 2814 fortiora,
1549 2725 1803 2798 aut-ad-

205 2818 529 2888 tenuiora
547 2820 1020 2888 summittitur.

223 2935 226 2938 ’
299 2917 400 2979 Ac
417 2910 516 2982 sic
530 2935 740 3004 prope
762 2909 1297 2997 innumerabiles
1312 2910 1569 3001 species
1592 2933 1791 3000 repe-

203 3000 514 3087 riuntur,
533 3029 679 3094 quae
704 3003 939 3108 utique
971 3001 1203 3094 aliquo
1230 3013 1574 3071 momento
1603 3000 1786 3068 inter

197 3117 274 3163 se
337 3092 664 3163 differant
703 3119 727 3180 3
787 3107 966 3163 sicut
1030 3106 1327 3187 quatuor
1371 3091 1785 3186 generaliter

271 3265 352 3332 (ι)
380 3265 528 3316 Iliad.
547 3285 588 3334 g
619 3267 731 3318 213.
761 3278 855 3317 etc.

235 3343 246 3354 ‘
269 3332 354 3399 (2)
385 3331 528 3382 Iliad.
558 3332 732 3398 “⁹249
761 3345 855 3383 etc.

273 3399 372 3467 (3)
401 3397 542 3450 Iliad.
561 3415 602 3466 g
622 3399 735 3450 216.
759 3412 854 3450 etc.
