2188 3757
451 273 573 338 DE
636 272 999 338 certene
1040 291 1424 339 menum.
1611 275 1738 340 381

169 360 389 430 ticum
414 371 685 445 testem,
703 387 788 428 an
810 360 1306 450 (i)Amphi0na
1325 372 1552 430 nosset
1577 369 1603 430 ἐ’
1634 387 1748 430 ne-

172 466 379 545 gante
434 477 549 534 eo,
589 451 879 521 detraxit
909 451 1434 544 aspirationem,
1482 452 1748 522 brevia-

170 542 407 635 vitque
437 541 803 612 secundam
850 547 995 630 ejus
1032 542 1330 612 nominis
1369 543 1698 634 syllabam
1724 596 1744 627 ,

170 646 245 703 et
278 633 394 703 ille
422 659 585 704 eum
616 634 715 703 sic
766 635 1021 726 optime
1075 650 1295 703 norat.
1329 633 1743 722 Huiusmodi

172 749 369 797 casus
416 725 764 808 efficiunt,
801 738 877 794 ut
906 725 1278 818 aliquando
1309 725 1580 794 dicatur
1619 725 1744 794 ali-

171 826 281 884 ter
305 841 507 908 quam
543 816 903 900 scribitur,
932 843 1085 886 cum
1142 816 1368 886 dicere
1401 815 1744 910 quomodo

169 907 611 976 scribendum
645 921 774 992 est,
826 934 966 987 non
996 908 1176 977 licet.
1611 974 1616 978 .

260 1005 378 1066 IV.
404 998 635 1067 Altera
662 1013 760 1069 est
780 999 1049 1079 divisio,
1077 1025 1224 1092 quae
1253 997 1324 1067 in
1359 1011 1492 1067 tres
1517 1011 1742 1090 partes

168 1089 411 1180 etipsa
446 1088 737 1160 discedit
759 1144 778 1175 ,
810 1115 941 1182 qua
969 1089 1267 1159 discerni
1307 1115 1500 1183 posse
1535 1090 1742 1160 etiam

166 1189 352 1248 recte
416 1179 687 1251 dicendi
742 1207 992 1273 genera
1044 1180 1226 1250 inter
1273 1209 1344 1251 se
1396 1179 1742 1251 videntur.

165 1275 477 1364 Namque
506 1298 719 1341 unum
748 1272 1029 1356 subtile,
1054 1271 1240 1365 quod
1265 1274 1446 1348 a'rxva‘v
1471 1284 1740 1342 vocant.

164 1360 484 1454 Aherum
551 1363 809 1454 grande
856 1367 1075 1472 atque>
1117 1363 1500 1458 robustum,
1556 1361 1744 1455 quod

168 1454 601 1522 constituunt
632 1461 803 1532 Αδροί.
829 1456 1146 1524 Tertium
1176 1453 1294 1522 alii
1327 1454 1629 1523 medium
1662 1481 1768 1527 ex.
1821 1517 1828 1521 .

166 1542 439 1612 duobus
472 1572 487 1612 :
524 1545 639 1613 alii
688 1544 1008 1614 floridum
1060 1553 1404 1636 (namque
1440 1545 1511 1614 id
1545 1548 1743 1636 dvenji‘v
1793 1565 1796 1572 ·

166 1635 563 1727 appellant)
598 1633 1014 1704 addiderunt
1037 1663 1053 1704 ε
1076 1661 1368 1727 quorum
1407 1647 1634 1705 tamen
1661 1661 1742 1705 ea

164 1725 305 1795 fere
338 1726 513 1796 ratio
546 1739 679 1806 est,
720 1739 792 1794 ut
822 1726 1116 1818 primum
1137 1724 1470 1810 docendi,
1504 1750 1741 1796 secun-

164 1815 329 1887 dum
372 1817 739 1903 movendi,
788 1819 1067 1890 tertium
1102 1816 1276 1889 illud
1309 1831 1738 1912 utrocunque

164 1910 444 1977 nomine
470 1963 491 1993 ,
516 1910 939 1995 delectandi,
973 1913 1112 1981 sive
1145 1918 1246 1997 (2)
1274 1909 1464 1980 aliud
1511 1912 1741 1997 inter-

163 2000 583 2070 conciliandi
631 2013 945 2091 praestare
991 2002 1266 2071 videtur
1306 2001 1629 2071 officium.
1659 2009 1740 2072 In

163 2089 479 2161 docendo
534 2103 761 2159 autem
813 2116 1146 2175 acumen,
1205 2092 1275 2159 in
1324 2090 1740 2161 interconci-

161 2180 401 2342 hiando
456 2181 739 2267 lenitas,
802 2182 874 2250 in
911 2179 1248 2252 movendo
1276 2182 1570 2273 gravitas
1622 2183 1740 2254 vi-

212 2286 433 2343 eatur.

252 2370 487 2457 Itaque
529 2362 649 2433 illo
697 2363 933 2434 subtili
974 2364 1313 2457 praecipue
1354 2362 1528 2442 ratio
1581 2390 1738 2435 nar*-
1794 2365 1802 2374 ”

165 2454 369 2525 randi
409 2454 881 2548 probandique
938 2458 1316 2539 consistet3
1377 2454 1495 2525 sed
1550 2454 1736 2548 quod
1780 2532 1784 2536 ,

164 2546 373 2617 etiam
436 2546 758 2617 detractis
822 2548 1079 2618 caeteris
1151 2545 1558 2631 virtutibus,
1609 2572 1735 2631 suo

156 2662 409 2731 genere
442 2637 721 2729 plenum
754 2637 864 2707 sit.

251 2727 527 2799 Medius
572 2728 689 2799 hic
734 2728 1013 2810 modus,
1060 2740 1129 2797 et
1169 2725 1735 2799 translationibus

158 2819 509 2907 crebrior,
553 2832 621 2889 et
645 2819 885 2913 figuris
926 2818 1055 2917 erit
1093 2818 1464 2906 iucundior
1516 2845 1740 2911 egres·

158 2909 474 2981 sionibus
538 2935 841 2980 amoenus
874 2964 893 2994 ,
946 2910 1442 3003 compositione
1504 2924 1734 3002 aptus,

148 3002 519 3072 sententiis
555 3001 812 3086 dulcis,
840 3001 1063 3071 lenior
1093 3015 1356 3087 tamen,
1381 2997 1462 3071 u't
1511 3000 1734 3070 amnis

222 3190 308 3255 (ι)
336 3190 525 3243 Pendet
548 3185 697 3259 hujus
716 3192 812 3243 loci
832 3210 999 3243 seusus
1016 3193 1078 3245 ab
1104 3211 1160 3243 ea
1181 3192 1368 3245 ratione
1392 3208 1490 3259 qua
1521 3191 1734 3246 rustica·

148 3258 509 3327 pronuntiabat
525 3254 657 3309 hanc
678 3276 871 3309 vocem.

226 3322 305 3391 (α)
336 3322 510 3375 Aliud
528 3323 833 3393 superfluum
854 3323 1053 3377 videtur
1077 3342 1091 3376 ε
1113 3338 1162 3376 et
1186 3325 1384 3376 fortasse
1407 3322 1513 3377 huc
1535 3322 1736 3393 irrepsit

150 3408 182 3442 e
203 3390 458 3456 superiore
486 3408 656 3458 versu,
682 3390 772 3442 ubi
794 3402 864 3443 est
877 3389 1017 3445 dlud.
1129 3438 1141 3447 ,
