2188 3757
1805 5 1876 17 Ἴ,-

641 183 770 252 DE
819 201 1030 252 Ara-n
1079 201 1491 252 nlcssuno.
1712 192 1845 268 249

264 273 460 354 tonis
491 273 918 346 confessione
963 299 978 340 t
1013 279 1113 356 (1)
1140 272 1299 343 Non
1318 269 1513 344 modo
1536 291 1607 340 se
1620 275 1845 340 animo

263 369 660 440 commoveri
677 418 698 452 ,
727 364 854 436 sed
872 368 1069 434 eliam
1110 388 1378 455 corpore
1399 368 1543 455 ipso
1572 362 1847 453 perhor-

243 483 542 536 rescae.

361 539 540 638 Quis
573 571 735 618 vero
769 544 1064 630 nesciat,
1112 541 1281 637 quin
1333 542 1522 613 aliud
1572 542 1850 615 dicendi

267 665 489 733 genus
547 651 780 731 poscat
835 635 1131 730 gravitas
1196 635 1539 714 senatoria
1576 687 1595 713 .,
1662 635 1853 706 aliud

268 757 439 800 aura
530 727 830 822 opulari's
859 737 885 797 ἓ·
927 753 1082 798 cum
1118 725 1325 796 etiam
1359 725 1647 818 singulis
1680 727 1856 814 judi-

265 757 636 904 canulius,
680 845 822 888 non
871 818 1056 890 idem
1108 817 1291 912 apud
1342 813 1578 910 giaves
1621 819 1803 887 viros
1831 868 1854 905 ‚

271 911 462 1006 quod
495 911 832 996 leviores;
865 935 1007 979 non
1044 909 1227 980 idem
1257 907 1439 1002 apud
1470 908 1853 994 eruditum,

251 1003 462 1098 'quod
493 1002 858 1072 militarem
886 1054 905 1086 ‚
940 1027 1020 1072 ac
1052 1000 1382 1074 rusticum
1416 999 1690 1085 deceat,
1736 1001 1855 1070 sit-

271 1120 408 1188 que
460 1119 958 1187 nonnunquam
1013 1089 1503 1163 summitten'da
1552 1105 1623 1161 et
1677 1117 1859 1174 con-

271 1183 610 1255 trahenda
651 1186 874 1255 oratio
906 1237 926 1271 ‚
967 1209 1054 1254 ne
1089 1183 1295 1273 judex
1326 1208 1475 1254 eam
1508 1183 1615 1256 vel
1654 1181 1857 1253 intol-
1952 1199 1964 1208 '

271 1275 490 1372 ligere
527 1276 634 1348 vel
670 1283 911 1370 capere
960 1301 1102 1346 non
1146 1273 1381 1368 possit.

367 1383 433 1452 4.
454 1373 756 1460 Tempus
777 1371 1046 1473 quoque
1067 1393 1149 1438 ac
1174 1368 1361 1437 loeus
1396 1380 1599 1460 egent
1624 1365 1884 1440 ohser-'
1944 1437 1951 1448 ,
2033 1390 2041 1398 ’

272 1459 550 1531 vatione
582 1475 882 1551 propria.
917 1466 1090 1529 Nam
1126 1473 1195 1530 et
1222 1471 1491 1551 tempus
1528 1471 1678 1530 tum
1728 1461 1857 1532 lae-

273 1563 424 1620 tum
449 1603 472 1636 ‚
503 1562 652 1622 tum
691 1551 924 1634 triste,
951 1564 1101 1619 tum
1144 1550 1475 1633 liberum,
1524 1563 1669 1621 tum
1718 1579 1857 1622 an·-

271 1654 552 1734 gustum
597 1654 720 1711 est.
759 1641 970 1734 Atqui
1012 1641 1101 1710 ad
1133 1640 1275 1712 haec
1314 1639 1548 1710 omnia
1586 1668 1857 1734 compo-

276 1732 546 1803 nendus
591 1745 846 1803 orator.
889 1739 980 1804 Et
1029 1731 1183 1804 loco
1240 1730 1519 1824 publico
1554 1784 1572 1816 ‚
1632 1735 1858 1826 priva-

208 1914 212 1917 ·
273 1836 490 1912 tone3
525 1823 817 1911 celebri,
861 1850 948 1897 an
983 1837 1293 1912 secreto;
1339 1823 1563 1895 aliena
1604 1825 1859 1896 civita-

275 1928 387 2002 te,
417 1944 508 1986 an
549 1930 667 1986 tua
700 1941 724 2003 ;
779 1916 852 1987 in
887 1918 1125 1989 castris
1177 1916 1515 2011 denique,
1570 1944 1659 1988 an
1704 1918 1857 1989 foro

263 2007 470 2085 ⁴dicas
493 2061 514 2093 ,
547 2005 828 2078 interest
861 2010 1235 2101 plurimum
1262 2037 1277 2079 :
1312 2034 1393 2080 ac
1423 2034 1613 2079 suam
1654 2011 1859 2103 quid-

331 2126 412 2169 ue
448 2100 733 2173 formam
757 2152 776 2183 ‚
823 2112 892 2169 et
931 2100 1301 2192 proprium.
1325 2100 1701 2192 quemdam
1718 2127 1859 2172 mo-

278 2125 446 2261 gum
506 2188 910 2283 eloquentiae
957 2190 1251 2296 poscit}
1316 2216 1469 2261 cum
1517 2190 1722 2261 etiam
1780 2193 1856 2262 in

282 2282 544 2351 caeteris
593 2282 858 2353 actibus
907 2295 1062 2353 vitae
1115 2308 1259 2353 non
1314 2282 1497 2352 idem
1545 2283 1617 2351 in
1666 2284 1860 2370 soro,

284 2374 509 2460 curia,
542 2399 816 2467 campo,
848 2373 1151 2457 theatro,
1185 2372 1369 2445 dorni
1391 2426 1411 2457 ‚
1444 2374 1665 2443 facere
1702 2400 1863 2445 con-

281 2463 562 2549 veniat3
594 2477 663 2535 et
692 2464 1015 2559 pleraque
1035 2518 1056 2552 ,
1082 2492 1229 2559 quae
1256 2479 1501 2535 natura
1528 2492 1668 2534 non
1696 2480 1859 2535 sunt

282 2554 850 2649 reprehendenda
873 2608 896 2640 ‚
933 2570 1137 2650 atque
1174 2556 1331 2627 ideo
1378 2556 1671 2633 interim,
1697 2571 1860 2627 sunt

284 2648 668 2717 necessaria
696 2701 715 2732 ‚
763 2647 931 2720 alibi
976 2658 1185 2740 quam
1234 2672 1379 2717 mos
1429 2648 1861 2739 permiserit,
1950 2726 1959 2734 ,

284 2738 515 2829 turpia
551 2739 956 2811 habeantur.

380 2830 640 2901 5.-lllud
663 2836 798 2923 jam
819 2830 1131 2911 diximus,
1153 2843 1411 2923 quanto
1436 2832 1587 2924 plus
1615 2833 1861 2905 nitoris

277 2934 358 2991 et
415 2922 638 2991 cultus
686 2924 1208 2993 demonstrativa·
1249 2924 1543 2995 materiae
1576 2978 1596 3005 ‚
1648 2939 1723 2995 ut
1772 2926 1861 2996 ad

288 3012 815 3084 delectationem
900 3013 1331 3090 audientium
1420 3016 1807 3106 compositae
1844 3071 1865 3104 ‚

289 3130 506 3197 quam,
543 3128 688 3197 quae
729 3120 888 3173 sunt
932 3105 1004 3185 in
1049 3119 1207 3175 actu
1256 3119 1324 3175 et
1373 3106 1813 3175 contentione
1840 3160 1861 3191 .‚

287 3200 605 3276 suasoria:
657 3195 1141 3287 judicialesque
1204 3197 1628 3289 permittant.
1708 3204 1864 3269 Hoc

356 3317 968 3387 (1)Vide1.verr.41.
1775 3316 1781 3325 '

815 3436 830 3442 -
1436 3392 1499 3459 L
1547 3390 1588 3457 5
