2188 3757
334 249 467 306 20'0
587 258 596 269 ·
733 229 941 292 Lis.
1003 225 1093 289 X.
1161 221 1352 287 Cn.
1402 223 1496 288 11.

330 325 486 393 dem
528 329 775 387 natura
812 316 881 383 in
926 312 1057 380 hoc
1094 311 1189 379 ita
1236 309 1604 394 evaluerit‚
1653 327 1730 386 ut
1771 341 1924 387 non

332 439 477 496 τρε,
512 437 656 502 quae
690 405 1051 476 simillimae
1086 399 1478 484 videantur,
1506 403 1736 496 utique
1775 407 1928 478 dis-

330 503 623 574 crimine
651 499 738 568 ali
796 523 881 566 uo
916 495 1418 584 discernantur.
1443 495 1638 564 Adde
1680 501 1864 589 quod
1895 553 1919 584 ‚

330 593 667 688 quicquid
728 617 765 658 a
798 589 925 658 teri
976 583 1196 654 simile
1260 596 1411 668 est,
1485 603 1922 661 necesse.est

332 685 561 754 minus
612 684 700 752 sit
732 707 851 764 eo,
904 677 1089 772 quod
1142 676 1485 762 imitatur3
1545 692 1621 748 ut
1671 682 1920 752 umbra

328 801 652 868 corpore,
676 786 742 842 et
774 774 999 860 imago
1044 767 1254 851 facie,
1291 778 1358 835 et
1391 781 1581 846 actus
1621 771 1926 843 histrio...

316 863 501 938 -mim
558 865 737 935 veris
797 859 1175 932 affectibus.

438 957 665 1046 Quod·
713 956 784 1023 in
846 951 1276 1022 orationibus
1335 975 1608 1043 quoque
1669 954 1926 1022 evenit.

332 1057 642 1143 Namque
708 1047 833 1130 iis,
876 1070 1022 1136 quae
1069 1042 1138 1111 in
1197 1043 1576 1133 exemplum
1618 1046 1922 1114 assumi-

288 1147 491 1212 '·mus
512 1194 531 1226 ‚
558 1138 788 1209 subest
817 1149 883 1205 et
912 1148 1180 1218 natura,
1217 1146 1285 1202 et
1309 1158 1465 1202 vera
1497 1135 1599 1222 vis
1629 1162 1644 1204 ε
1681 1149 1927 1207 contra

331 1233 555 1302 omnis
616 1228 909 1298 imitatio
961 1225 1118 1294 ficta
1165 1237 1309 1308 est,
1356 1237 1425 1293 et
1479 1225 1566 1294 ad
1613 1225 1919 1298 alienum

314 1321 762 1417 propositum
820 1314 1396 1388 accommodatur.
1441 1323 1599 1404 Quo
1651 1317 1780 1401 fit,
1838 1332 1918 1388 ut

296 1470 303 1490 2
332 1415 560 1483 minus
596 1409 952 1504 sanguinis
987 1433 1065 1476 ac
1097 1406 1348 1476 virium
1383 1406 1917 1480 declamationes

315 1504 674 1585 habeant,
717 1527 919 1594 quam
974 1497 1366 1583 orationes3
1419 1499 1601 1589 quod
1659 1501 1730 1569 in
1782 1501 1925 1570 illis

336 1622 497 1668 vera
524 1649 543 1677 ,
581 1596 652 1663 in
698 1593 807 1662 his
838 1588 1228 1661 assimulata
1257 1590 1692 1668 materia-est.
1717 1591 1920 1661 Adde

295 1687 527 1794 »quod
576 1712 691 1766 ea,
744 1711 892 1776 quae
944 1682 1015 1750 in
1067 1693 1336 1750 oratore
1379 1681 1666 1752 maxima
1715 1696 1925 1769 sunt,
1995 1742 2009 1754 ,

344 1777 709 1847 imitabilia
734 1801 875 1844 non
914 1787 1108 1855 sunt,
1145 1772 1496 1866 ingenium
1519 1825 1538 1856 ‚
1572 1774 1921 1858 inv.enti0‚

320 1869 437 1939 vis
460 1922 477 1953 ‚
514 1866 806 1937 facilitas
839 1919 857 1951 ,
894 1876 961 1934 et
997 1863 1326 1957 quicquid
1359 1877 1504 1934 arte
1529 1891 1668 1935 non
1705 1865 1922 1937 tradi-

346 1973 481 2029 tur.
538 1959 833 2049 Ideoque
883 1956 1231 2061 plerique,
1280 1980 1431 2023 cum
1473 1956 1678 2028 verba
1725 1983 1927 2049 quae-

341 2050 501 2121 dam
578 2076 657 2119 ex
728 2046 1158 2117 orationibus
1215 2061 1741 2139 excerpserunt,
1801 2060 1927 2117 aut

343 2143 611 2237 aliquos
646 2143 1135 2231 compositionis
1159 2149 1379 2209 certos
1406 2137 1610 2230 pedes
1621 2190 1648 2223 a
1681 2138 1850 2208 mire
1883 2165 1942 2227 q

323 2260 411 2307 ,se
438 2288 457 2319 ‚
514 2260 660 2327 quae
697 2232 1049 2324 elegerunt
1085 2282 1103 2314 ‚
1159 2228 1402 2321 effingi
1447 2228 1870 2299 arbitrantur
1904 2259 1921 2302 ε

320 2352 495 2394 .cum
545 2337 612 2393 et
664 2322 865 2391 verba
914 2319 1329 2391 intercidant
1363 2320 1916 2414 invalescantque

320 2414 761 2507 ,temporibus
806 2465 824 2497 ,
895 2425 971 2481 ut
1032 2437 1324 2503 quorum
1391 2413 1765 2481 certissima
1831 2413 1923 2482 sit

346 2505 589 2599 regula
626 2505 696 2574 in
741 2502 1240 2575 consuetudine
1276 2554 1294 2586 ,
1355 2529 1568 2596 eaque
1613 2530 1750 2573 non
1800 2528 1924 2573 sua

345 2612 592 2667 natura
624 2597 762 2666 sint
799 2594 981 2665 bona
1032 2607 1151 2663 aut
1195 2594 1372 2663 mala
1426 2601 1642 2678 (nam
1682 2621 1805 2687 per
1851 2621 1922 2664 se

292 2754 295 2759 .
338 2688 494 2758 soni
529 2700 797 2757 tantum
832 2694 1037 2771 sunt)
1069 2739 1087 2766 .‚
1138 2684 1254 2754 sed
1289 2698 1495 2777 prout
1537 2700 1920 2778 opportune

340 2778 757 2871 proprieque
814 2790 935 2846 aut
1012 2803 1204 2846 secus
1253 2776 1500 2846 collata
1547 2790 1706 2845 sunt
1750 2803 1772 2861 3
1853 2790 1922 2847 et

340 2872 723 2959 compositio
771 2892 923 2935 cum
976 2867 1177 2936 rebus
1232 2868 1738 2938 accommodata
1785 2865 1920 2954 sit,

338 2971 486 3029 tum
522 2960 669 3050 ipsa
708 2958 1035 3027 varietate
1068 2958 1472 3049 gratissima.

426 3058 508 3123 ΙΙ.
530 3056 969 3141 Quapropter
995 3049 1420 3119 exactissimo
1450 3049 1711 3140 judicio
1738 3049 1922 3121 circa

339 3140 520 3211 hanc
553 3154 813 3233 partem
858 3140 1242 3209 studiorum
1275 3141 1724 3210 examinanda
1760 3154 1922 3212 sunt

339 3233 594 3303 omnia.
644 3233 947 3300 Primum
991 3286 1009 3315 ‚
1063 3257 1234 3323 quos
1305 3232 1706 3316 imitemur3
1753 3259 1916 3303 nam

334 3334 495 3393 sunt
530 3322 853 3417 plurimi,
896 3323 1012 3416 qui
1060 3322 1585 3393 similitudinem
1633 3323 1912 3415 pessimi
