<?xml version="1.0" encoding="UTF-8"?>
<!DOCTYPE html PUBLIC "-//W3C//DTD XHTML 1.0 Transitional//EN"
    "http://www.w3.org/TR/xhtml1/DTD/xhtml1-transitional.dtd">
<html xmlns="http://www.w3.org/1999/xhtml" xml:lang="en" lang="en">
 <head>
  <title>
</title>
<meta http-equiv="Content-Type" content="text/html;charset=utf-8" />
  <meta name='ocr-system' content='tesseract 3.04.00' />
  <meta name='ocr-capabilities' content='ocr_page ocr_carea ocr_par ocr_line ocrx_word'/>
</head>
<body>
  <div class='ocr_page' id='page_1' title='image "./mfabiiquintilia22quingoog_0035.png"; bbox 0 0 2188 3757; ppageno 0'>
   <div class='ocr_carea' id='block_1_1' title="bbox 159 201 1841 2921">
    <p class='ocr_par' dir='ltr' id='par_1_1' title="bbox 239 201 1841 1470">
     <span class='ocr_line' id='line_1_1' title="bbox 791 201 1831 292; baseline -0.004 -20"><span class='ocrx_word' id='word_1_1' title='bbox 791 201 906 274; x_wconf 65' lang='lat' dir='ltr'><strong>Pa</strong></span> <span class='ocrx_word' id='word_1_2' title='bbox 927 227 970 270; x_wconf 89' lang='grc' dir='ltr'><strong>ο</strong></span> <span class='ocrx_word' id='word_1_3' title='bbox 989 228 1050 274; x_wconf 77' lang='lat' dir='ltr'><strong>uz</strong></span> <span class='ocrx_word' id='word_1_4' title='bbox 1067 227 1125 272; x_wconf 71' lang='grc' dir='ltr'><strong>Μ</strong></span> <span class='ocrx_word' id='word_1_5' title='bbox 1140 227 1167 270; x_wconf 91' lang='lat'>1</span> <span class='ocrx_word' id='word_1_6' title='bbox 1182 225 1227 272; x_wconf 81' lang='lat' dir='ltr'><strong>u</strong></span> <span class='ocrx_word' id='word_1_7' title='bbox 1246 225 1324 288; x_wconf 73' lang='lat' dir='ltr'><strong>m.</strong></span> <span class='ocrx_word' id='word_1_8' title='bbox 1745 201 1831 292; x_wconf 78' lang='lat'><strong>25</strong></span> 
     </span>
     <span class='ocr_line' id='line_1_2' title="bbox 239 289 1835 387; baseline -0.003 -17"><span class='ocrx_word' id='word_1_9' title='bbox 239 293 730 370; x_wconf 68' lang='lat' dir='ltr'>exercitatione</span> <span class='ocrx_word' id='word_1_10' title='bbox 747 291 1037 378; x_wconf 81' lang='lat' dir='ltr'><strong>firmata,</strong></span> <span class='ocrx_word' id='word_1_11' title='bbox 1051 319 1131 362; x_wconf 85' lang='lat' dir='ltr'><strong>ex</strong></span> <span class='ocrx_word' id='word_1_12' title='bbox 1146 292 1393 387; x_wconf 83' lang='lat' dir='ltr'><strong>iisdem</strong></span> <span class='ocrx_word' id='word_1_13' title='bbox 1408 289 1517 362; x_wconf 83' lang='lat' dir='ltr'><strong>his</strong></span> <span class='ocrx_word' id='word_1_14' title='bbox 1534 291 1835 386; x_wconf 81' lang='lat' dir='ltr'><strong>speciem</strong></span> 
     </span>
     <span class='ocr_line' id='line_1_3' title="bbox 243 383 1841 480; baseline -0.002 -21"><span class='ocrx_word' id='word_1_15' title='bbox 243 388 595 480; x_wconf 80' lang='lat' dir='ltr'><strong>accipiunt</strong></span> <span class='ocrx_word' id='word_1_16' title='bbox 623 439 642 469; x_wconf 91' lang='lat'><strong>,</strong></span> <span class='ocrx_word' id='word_1_17' title='bbox 697 408 780 456; x_wconf 84' lang='lat' dir='ltr'><strong>ex</strong></span> <span class='ocrx_word' id='word_1_18' title='bbox 827 383 1076 477; x_wconf 82' lang='lat' dir='ltr'><strong>quibus</strong></span> <span class='ocrx_word' id='word_1_19' title='bbox 1133 383 1311 454; x_wconf 85' lang='lat' dir='ltr'>vires</span> <span class='ocrx_word' id='word_1_20' title='bbox 1346 408 1369 468; x_wconf 80' lang='lat'>3</span> <span class='ocrx_word' id='word_1_21' title='bbox 1419 408 1713 476; x_wconf 83' lang='lat' dir='ltr'><strong>namque</strong></span> <span class='ocrx_word' id='word_1_22' title='bbox 1766 399 1841 456; x_wconf 86' lang='lat' dir='ltr'><strong>et</strong></span> 
     </span>
     <span class='ocr_line' id='line_1_4' title="bbox 241 473 1837 562; baseline -0.003 -10"><span class='ocrx_word' id='word_1_23' title='bbox 241 480 546 552; x_wconf 79' lang='lat' dir='ltr'><strong>colorata</strong></span> <span class='ocrx_word' id='word_1_24' title='bbox 564 529 586 562; x_wconf 83' lang='lat'>‚</span> <span class='ocrx_word' id='word_1_25' title='bbox 613 489 683 546; x_wconf 88' lang='lat' dir='ltr'><strong>et</strong></span> <span class='ocrx_word' id='word_1_26' title='bbox 715 473 1038 558; x_wconf 80' lang='lat' dir='ltr'><strong>adstricta</strong></span> <span class='ocrx_word' id='word_1_27' title='bbox 1066 527 1087 558; x_wconf 81' lang='lat'>,</span> <span class='ocrx_word' id='word_1_28' title='bbox 1118 486 1186 542; x_wconf 83' lang='lat' dir='ltr'><strong>et</strong></span> <span class='ocrx_word' id='word_1_29' title='bbox 1218 473 1495 544; x_wconf 79' lang='lat' dir='ltr'><strong>lacertis</strong></span> <span class='ocrx_word' id='word_1_30' title='bbox 1519 499 1599 544; x_wconf 89' lang='lat' dir='ltr'><strong>ex</strong></span> <span class='ocrx_word' id='word_1_31' title='bbox 1652 500 1837 550; x_wconf 73' lang='lat' dir='ltr'>ressa</span> 
     </span>
     <span class='ocr_line' id='line_1_5' title="bbox 243 564 1833 658; baseline -0.001 -18"><span class='ocrx_word' id='word_1_32' title='bbox 243 569 446 652; x_wconf 75' lang='lat' dir='ltr'><strong>sunt3</strong></span> <span class='ocrx_word' id='word_1_33' title='bbox 474 567 593 638; x_wconf 82' lang='lat' dir='ltr'><strong>sed</strong></span> <span class='ocrx_word' id='word_1_34' title='bbox 611 565 846 636; x_wconf 88' lang='lat' dir='ltr'><strong>eadem</strong></span> <span class='ocrx_word' id='word_1_35' title='bbox 877 566 932 635; x_wconf 88' lang='lat' dir='ltr'><strong>si</strong></span> <span class='ocrx_word' id='word_1_36' title='bbox 953 565 1107 656; x_wconf 87' lang='lat' dir='ltr'><strong>quis</strong></span> <span class='ocrx_word' id='word_1_37' title='bbox 1130 564 1323 634; x_wconf 81' lang='lat' dir='ltr'><strong>vulsa</strong></span> <span class='ocrx_word' id='word_1_38' title='bbox 1358 577 1565 658; x_wconf 83' lang='lat' dir='ltr'><strong>atque</strong></span> <span class='ocrx_word' id='word_1_39' title='bbox 1631 580 1833 638; x_wconf 72' lang='lat' dir='ltr'><strong>ucata</strong></span> 
     </span>
     <span class='ocr_line' id='line_1_6' title="bbox 241 654 1835 748; baseline -0.001 -18"><span class='ocrx_word' id='word_1_40' title='bbox 241 657 678 730; x_wconf 78' lang='lat' dir='ltr'><strong>muliebriter</strong></span> <span class='ocrx_word' id='word_1_41' title='bbox 726 668 950 727; x_wconf 86' lang='lat' dir='ltr'><strong>comat</strong></span> <span class='ocrx_word' id='word_1_42' title='bbox 979 707 1000 742; x_wconf 83' lang='lat'><strong>‚</strong></span> <span class='ocrx_word' id='word_1_43' title='bbox 1067 655 1438 724; x_wconf 77' lang='lat' dir='ltr'><strong>foedissima</strong></span> <span class='ocrx_word' id='word_1_44' title='bbox 1494 654 1633 725; x_wconf 84' lang='lat' dir='ltr'><strong>sint</strong></span> <span class='ocrx_word' id='word_1_45' title='bbox 1684 657 1835 748; x_wconf 83' lang='lat' dir='ltr'><strong>ipso</strong></span> 
     </span>
     <span class='ocr_line' id='line_1_7' title="bbox 240 745 1831 840; baseline -0.001 -20"><span class='ocrx_word' id='word_1_46' title='bbox 240 750 478 821; x_wconf 83' lang='lat' dir='ltr'>formae</span> <span class='ocrx_word' id='word_1_47' title='bbox 521 747 776 818; x_wconf 87' lang='lat' dir='ltr'><strong>labore.</strong></span> <span class='ocrx_word' id='word_1_48' title='bbox 830 753 919 816; x_wconf 85' lang='lat' dir='ltr'><strong>Et</strong></span> <span class='ocrx_word' id='word_1_49' title='bbox 979 745 1192 816; x_wconf 85' lang='lat' dir='ltr'><strong>cultus</strong></span> <span class='ocrx_word' id='word_1_50' title='bbox 1237 770 1579 816; x_wconf 77' lang='lat' dir='ltr'><strong>concessus</strong></span> <span class='ocrx_word' id='word_1_51' title='bbox 1629 759 1831 840; x_wconf 72' lang='lat' dir='ltr'><strong>atque</strong></span> 
     </span>
     <span class='ocr_line' id='line_1_8' title="bbox 239 836 1829 931; baseline -0.001 -21"><span class='ocrx_word' id='word_1_52' title='bbox 239 839 639 931; x_wconf 67' lang='lat' dir='ltr'><strong>magnficus</strong></span> <span class='ocrx_word' id='word_1_53' title='bbox 669 839 871 908; x_wconf 76' lang='lat' dir='ltr'><strong>addit</strong></span> <span class='ocrx_word' id='word_1_54' title='bbox 895 836 1285 908; x_wconf 73' lang='lat' dir='ltr'><strong>,hominibus</strong></span> <span class='ocrx_word' id='word_1_55' title='bbox 1313 889 1333 918; x_wconf 86' lang='lat'>‚</span> <span class='ocrx_word' id='word_1_56' title='bbox 1373 850 1448 904; x_wconf 86' lang='lat' dir='ltr'><strong>ut</strong></span> <span class='ocrx_word' id='word_1_57' title='bbox 1473 843 1573 920; x_wconf 81' lang='grc' dir='ltr'><strong>(ι)</strong></span> <span class='ocrx_word' id='word_1_58' title='bbox 1611 863 1829 927; x_wconf 79' lang='lat' dir='ltr'>graeco</span> 
     </span>
     <span class='ocr_line' id='line_1_9' title="bbox 241 931 1837 1012; baseline -0.004 -8"><span class='ocrx_word' id='word_1_59' title='bbox 241 956 446 1004; x_wconf 81' lang='lat' dir='ltr'>versu</span> <span class='ocrx_word' id='word_1_60' title='bbox 482 941 804 998; x_wconf 79' lang='lat' dir='ltr'><strong>testatum</strong></span> <span class='ocrx_word' id='word_1_61' title='bbox 844 939 988 1012; x_wconf 82' lang='lat' dir='ltr'><strong>est,</strong></span> <span class='ocrx_word' id='word_1_62' title='bbox 1035 931 1492 996; x_wconf 80' lang='lat' dir='ltr'><strong>auclorz&#39;tatem</strong></span> <span class='ocrx_word' id='word_1_63' title='bbox 1516 953 1541 996; x_wconf 83' lang='lat'><strong>.·</strong></span> <span class='ocrx_word' id='word_1_64' title='bbox 1582 940 1651 996; x_wconf 87' lang='lat' dir='ltr'><strong>at</strong></span> <span class='ocrx_word' id='word_1_65' title='bbox 1682 954 1837 998; x_wconf 88' lang='lat' dir='ltr'><strong>mu-</strong></span> 
     </span>
     <span class='ocr_line' id='line_1_10' title="bbox 243 1018 1837 1107; baseline -0.001 -15"><span class='ocrx_word' id='word_1_66' title='bbox 243 1019 484 1092; x_wconf 82' lang='lat' dir='ltr'><strong>liebris</strong></span> <span class='ocrx_word' id='word_1_67' title='bbox 513 1033 580 1090; x_wconf 84' lang='lat' dir='ltr'><strong>et</strong></span> <span class='ocrx_word' id='word_1_68' title='bbox 605 1018 994 1089; x_wconf 85' lang='lat' dir='ltr'><strong>luxuriosus</strong></span> <span class='ocrx_word' id='word_1_69' title='bbox 1014 1070 1032 1101; x_wconf 91' lang='lat'>‚</span> <span class='ocrx_word' id='word_1_70' title='bbox 1061 1043 1205 1086; x_wconf 90' lang='lat' dir='ltr'><strong>non</strong></span> <span class='ocrx_word' id='word_1_71' title='bbox 1232 1041 1479 1107; x_wconf 88' lang='lat' dir='ltr'>corpus</span> <span class='ocrx_word' id='word_1_72' title='bbox 1509 1032 1837 1106; x_wconf 78' lang='lat' dir='ltr'><strong>exornat,</strong></span> 
     </span>
     <span class='ocr_line' id='line_1_11' title="bbox 245 1106 1833 1202; baseline -0.002 -21"><span class='ocrx_word' id='word_1_73' title='bbox 245 1111 366 1195; x_wconf 78' lang='lat' dir='ltr'><strong>sed</strong></span> <span class='ocrx_word' id='word_1_74' title='bbox 411 1110 671 1202; x_wconf 77' lang='lat' dir='ltr'><strong>det-egit</strong></span> <span class='ocrx_word' id='word_1_75' title='bbox 705 1121 1026 1179; x_wconf 82' lang='lat' dir='ltr'><strong>mentem.</strong></span> <span class='ocrx_word' id='word_1_76' title='bbox 1061 1106 1394 1196; x_wconf 50' lang='lat' dir='ltr'><strong>S&#39;imjliter</strong></span> <span class='ocrx_word' id='word_1_77' title='bbox 1443 1107 1562 1182; x_wconf 79' lang='lat' dir='ltr'><strong>illa</strong></span> <span class='ocrx_word' id='word_1_78' title='bbox 1594 1119 1833 1178; x_wconf 83' lang='lat' dir='ltr'><strong>trans-</strong></span> 
     </span>
     <span class='ocr_line' id='line_1_12' title="bbox 243 1193 1839 1291; baseline -0.003 -16"><span class='ocrx_word' id='word_1_79' title='bbox 243 1201 478 1276; x_wconf 79' lang='lat' dir='ltr'><strong>lucida</strong></span> <span class='ocrx_word' id='word_1_80' title='bbox 541 1213 614 1270; x_wconf 87' lang='lat' dir='ltr'><strong>et</strong></span> <span class='ocrx_word' id='word_1_81' title='bbox 649 1199 1022 1290; x_wconf 81' lang='lat' dir='ltr'><strong>versicolor</strong></span> <span class='ocrx_word' id='word_1_82' title='bbox 1053 1193 1502 1291; x_wconf 80' lang='lat' dir='ltr'><strong>quorundam</strong></span> <span class='ocrx_word' id='word_1_83' title='bbox 1554 1196 1839 1270; x_wconf 76' lang='lat' dir='ltr'><em>elocutio</em></span> 
     </span>
     <span class='ocr_line' id='line_1_13' title="bbox 243 1286 1832 1384; baseline 0 -22"><span class='ocrx_word' id='word_1_84' title='bbox 243 1318 354 1362; x_wconf 84' lang='lat' dir='ltr'><strong>res</strong></span> <span class='ocrx_word' id='word_1_85' title='bbox 381 1291 564 1384; x_wconf 83' lang='lat' dir='ltr'><strong>ipsas</strong></span> <span class='ocrx_word' id='word_1_86' title='bbox 594 1291 980 1375; x_wconf 85' lang='lat' dir='ltr'><strong>effeminat,</strong></span> <span class='ocrx_word' id='word_1_87' title='bbox 1006 1315 1152 1382; x_wconf 87' lang='lat' dir='ltr'><strong>quae</strong></span> <span class='ocrx_word' id='word_1_88' title='bbox 1180 1286 1303 1380; x_wconf 69' lang='lat' dir='ltr'><strong>illo</strong></span> <span class='ocrx_word' id='word_1_89' title='bbox 1329 1287 1694 1360; x_wconf 86' lang='lat' dir='ltr'><strong>verborum</strong></span> <span class='ocrx_word' id='word_1_90' title='bbox 1716 1290 1832 1362; x_wconf 86' lang='lat' dir='ltr'><strong>ha-</strong></span> 
     </span>
     <span class='ocr_line' id='line_1_14' title="bbox 241 1379 1771 1470; baseline -0.003 -16"><span class='ocrx_word' id='word_1_91' title='bbox 241 1381 404 1454; x_wconf 85' lang='lat' dir='ltr'><strong>bitu</strong></span> <span class='ocrx_word' id='word_1_92' title='bbox 436 1379 845 1470; x_wconf 68' lang='lat' dir='ltr'><strong>vestiuntur.</strong></span> <span class='ocrx_word' id='word_1_93' title='bbox 1764 1461 1771 1465; x_wconf 41' lang='lat'>‚</span> 
     </span>
    </p>

    <p class='ocr_par' dir='ltr' id='par_1_2' title="bbox 159 1467 1835 2467">
     <span class='ocr_line' id='line_1_15' title="bbox 339 1467 1830 1565; baseline 0.002 -23"><span class='ocrx_word' id='word_1_94' title='bbox 339 1480 590 1544; x_wconf 84' lang='lat' dir='ltr'><strong>Curam</strong></span> <span class='ocrx_word' id='word_1_95' title='bbox 623 1497 785 1565; x_wconf 87' lang='lat' dir='ltr'>ergo</span> <span class='ocrx_word' id='word_1_96' title='bbox 813 1467 1175 1541; x_wconf 84' lang='lat' dir='ltr'><strong>verborum</strong></span> <span class='ocrx_word' id='word_1_97' title='bbox 1194 1521 1212 1552; x_wconf 94' lang='lat'><strong>,</strong></span> <span class='ocrx_word' id='word_1_98' title='bbox 1238 1494 1467 1540; x_wconf 86' lang='lat' dir='ltr'><strong>rerum</strong></span> <span class='ocrx_word' id='word_1_99' title='bbox 1496 1470 1653 1542; x_wconf 89' lang='lat' dir='ltr'><strong>volo</strong></span> <span class='ocrx_word' id='word_1_100' title='bbox 1685 1499 1830 1546; x_wconf 81' lang='lat' dir='ltr'>esse</span> 
     </span>
     <span class='ocr_line' id='line_1_16' title="bbox 159 1559 1831 1655; baseline 0 -21"><span class='ocrx_word' id='word_1_101' title='bbox 159 1584 164 1589; x_wconf 88' lang='grc'><em>·</em></span> <span class='ocrx_word' id='word_1_102' title='bbox 243 1563 808 1636; x_wconf 83' lang='lat' dir='ltr'><strong>sollicitudinem.</strong></span> <span class='ocrx_word' id='word_1_103' title='bbox 866 1565 1039 1629; x_wconf 87' lang='lat' dir='ltr'><strong>Nam</strong></span> <span class='ocrx_word' id='word_1_104' title='bbox 1104 1559 1505 1652; x_wconf 84' lang='lat' dir='ltr'><strong>plerumque</strong></span> <span class='ocrx_word' id='word_1_105' title='bbox 1566 1565 1831 1655; x_wconf 76' lang='lat' dir='ltr'><strong>optima</strong></span> 
     </span>
     <span class='ocr_line' id='line_1_17' title="bbox 245 1652 1826 1736; baseline 0.001 -13"><span class='ocrx_word' id='word_1_106' title='bbox 245 1654 453 1723; x_wconf 87' lang='lat' dir='ltr'><strong>rebus</strong></span> <span class='ocrx_word' id='word_1_107' title='bbox 481 1653 858 1736; x_wconf 55' lang='lat' dir='ltr'><strong>comerent,</strong></span> <span class='ocrx_word' id='word_1_108' title='bbox 879 1663 946 1718; x_wconf 82' lang='lat' dir='ltr'><strong>et</strong></span> <span class='ocrx_word' id='word_1_109' title='bbox 973 1661 1351 1718; x_wconf 82' lang='lat' dir='ltr'><strong>cernuntur</strong></span> <span class='ocrx_word' id='word_1_110' title='bbox 1378 1675 1501 1719; x_wconf 87' lang='lat' dir='ltr'><strong>suo</strong></span> <span class='ocrx_word' id='word_1_111' title='bbox 1530 1652 1826 1725; x_wconf 84' lang='lat' dir='ltr'><strong>lumine:</strong></span> 
     </span>
     <span class='ocr_line' id='line_1_18' title="bbox 244 1739 1835 1838; baseline 0.001 -24"><span class='ocrx_word' id='word_1_112' title='bbox 244 1757 318 1814; x_wconf 85' lang='lat' dir='ltr'><strong>at</strong></span> <span class='ocrx_word' id='word_1_113' title='bbox 355 1769 480 1813; x_wconf 86' lang='lat' dir='ltr'><strong>nos</strong></span> <span class='ocrx_word' id='word_1_114' title='bbox 531 1743 894 1838; x_wconf 84' lang='lat' dir='ltr'><strong>quaerimus</strong></span> <span class='ocrx_word' id='word_1_115' title='bbox 953 1739 1069 1810; x_wconf 90' lang='lat' dir='ltr'><strong>illa</strong></span> <span class='ocrx_word' id='word_1_116' title='bbox 1112 1793 1131 1826; x_wconf 84' lang='lat'>‚</span> <span class='ocrx_word' id='word_1_117' title='bbox 1162 1743 1519 1832; x_wconf 73' lang='lat' dir='ltr'><strong>&#39;tanquam</strong></span> <span class='ocrx_word' id='word_1_118' title='bbox 1568 1743 1835 1815; x_wconf 81' lang='lat' dir='ltr'><strong>lateant</strong></span> 
     </span>
     <span class='ocr_line' id='line_1_19' title="bbox 239 1829 1827 1928; baseline 0.001 -22"><span class='ocrx_word' id='word_1_119' title='bbox 239 1859 513 1927; x_wconf 74' lang='lat' dir='ltr'>semper</span> <span class='ocrx_word' id='word_1_120' title='bbox 539 1888 586 1923; x_wconf 62' lang='lat'><strong>‚,</strong></span> <span class='ocrx_word' id='word_1_121' title='bbox 618 1858 822 1927; x_wconf 85' lang='lat' dir='ltr'>seque</span> <span class='ocrx_word' id='word_1_122' title='bbox 874 1829 1281 1903; x_wconf 74' lang='lat' dir='ltr'><strong>subducant.</strong></span> <span class='ocrx_word' id='word_1_123' title='bbox 1330 1839 1431 1901; x_wconf 89' lang='lat' dir='ltr'><strong>Ita</strong></span> <span class='ocrx_word' id='word_1_124' title='bbox 1475 1859 1827 1928; x_wconf 79' lang='lat' dir='ltr'><strong>nunquam</strong></span> 
     </span>
     <span class='ocr_line' id='line_1_20' title="bbox 242 1920 1831 2019; baseline 0.003 -23"><span class='ocrx_word' id='word_1_125' title='bbox 242 1940 564 2019; x_wconf 85' lang='lat' dir='ltr'><strong>putamus</strong></span> <span class='ocrx_word' id='word_1_126' title='bbox 599 1925 780 1995; x_wconf 83' lang='lat' dir='ltr'><strong>circa</strong></span> <span class='ocrx_word' id='word_1_127' title='bbox 821 1922 894 1995; x_wconf 87' lang='lat' dir='ltr'><strong>id</strong></span> <span class='ocrx_word' id='word_1_128' title='bbox 941 1948 1082 1993; x_wconf 88' lang='lat' dir='ltr'>esse</span> <span class='ocrx_word' id='word_1_129' title='bbox 1106 1975 1125 2007; x_wconf 90' lang='lat'>‚</span> <span class='ocrx_word' id='word_1_130' title='bbox 1161 1920 1245 1991; x_wconf 87' lang='lat' dir='ltr'><strong>de</strong></span> <span class='ocrx_word' id='word_1_131' title='bbox 1282 1948 1417 2015; x_wconf 85' lang='lat' dir='ltr'><strong>quo</strong></span> <span class='ocrx_word' id='word_1_132' title='bbox 1456 1924 1831 2001; x_wconf 82' lang='lat' dir='ltr'><strong>dicendum</strong></span> 
     </span>
     <span class='ocr_line' id='line_1_21' title="bbox 195 2008 1831 2105; baseline 0.001 -18"><span class='ocrx_word' id='word_1_133' title='bbox 195 2060 202 2069; x_wconf 87' lang='lat'><strong>·</strong></span> <span class='ocrx_word' id='word_1_134' title='bbox 243 2016 530 2087; x_wconf 75' lang='lat' dir='ltr'><strong>estzsed</strong></span> <span class='ocrx_word' id='word_1_135' title='bbox 561 2042 640 2085; x_wconf 79' lang='lat' dir='ltr'><strong>ex</strong></span> <span class='ocrx_word' id='word_1_136' title='bbox 671 2008 824 2084; x_wconf 89' lang='lat' dir='ltr'><strong>aliis</strong></span> <span class='ocrx_word' id='word_1_137' title='bbox 861 2014 1029 2083; x_wconf 88' lang='lat' dir='ltr'><strong>locis</strong></span> <span class='ocrx_word' id='word_1_138' title='bbox 1055 2013 1387 2105; x_wconf 76' lang='lat' dir='ltr'><strong>petimuS,</strong></span> <span class='ocrx_word' id='word_1_139' title='bbox 1430 2027 1498 2083; x_wconf 85' lang='lat' dir='ltr'><strong>et</strong></span> <span class='ocrx_word' id='word_1_140' title='bbox 1533 2015 1831 2088; x_wconf 79' lang='lat' dir='ltr'><strong>inventis</strong></span> 
     </span>
     <span class='ocr_line' id='line_1_22' title="bbox 241 2102 1829 2196; baseline 0.001 -19"><span class='ocrx_word' id='word_1_141' title='bbox 241 2108 386 2177; x_wconf 82' lang='lat' dir='ltr'><strong>vim</strong></span> <span class='ocrx_word' id='word_1_142' title='bbox 419 2106 1072 2195; x_wconf 78' lang='lat' dir='ltr'><strong>afferimuS.Majore</strong></span> <span class='ocrx_word' id='word_1_143' title='bbox 1108 2102 1337 2173; x_wconf 87' lang='lat' dir='ltr'><strong>animo</strong></span> <span class='ocrx_word' id='word_1_144' title='bbox 1366 2106 1829 2196; x_wconf 82' lang='lat' dir='ltr'><strong>aggredienda</strong></span> 
     </span>
     <span class='ocr_line' id='line_1_23' title="bbox 246 2194 1823 2289; baseline 0 -22"><span class='ocrx_word' id='word_1_145' title='bbox 246 2197 646 2289; x_wconf 75' lang='lat' dir='ltr'><strong>eloquentia</strong></span> <span class='ocrx_word' id='word_1_146' title='bbox 673 2207 808 2266; x_wconf 85' lang='lat' dir='ltr'><strong>est:</strong></span> <span class='ocrx_word' id='word_1_147' title='bbox 835 2221 1016 2287; x_wconf 85' lang='lat' dir='ltr'><strong>quae‚</strong></span> <span class='ocrx_word' id='word_1_148' title='bbox 1045 2194 1098 2262; x_wconf 82' lang='lat' dir='ltr'><strong>si</strong></span> <span class='ocrx_word' id='word_1_149' title='bbox 1127 2206 1273 2264; x_wconf 86' lang='lat' dir='ltr'><strong>toto</strong></span> <span class='ocrx_word' id='word_1_150' title='bbox 1306 2220 1589 2287; x_wconf 84' lang='lat' dir='ltr'>corpore</span> <span class='ocrx_word' id='word_1_151' title='bbox 1620 2198 1823 2285; x_wconf 77' lang='lat' dir='ltr'><strong>valet,</strong></span> 
     </span>
     <span class='ocr_line' id='line_1_24' title="bbox 243 2284 1829 2381; baseline 0.004 -25"><span class='ocrx_word' id='word_1_152' title='bbox 243 2313 515 2381; x_wconf 83' lang='lat' dir='ltr'><strong>ungues</strong></span> <span class='ocrx_word' id='word_1_153' title='bbox 541 2286 759 2380; x_wconf 86' lang='lat' dir='ltr'><strong>polire</strong></span> <span class='ocrx_word' id='word_1_154' title='bbox 778 2340 798 2376; x_wconf 86' lang='lat'><strong>,</strong></span> <span class='ocrx_word' id='word_1_155' title='bbox 831 2297 900 2355; x_wconf 85' lang='lat' dir='ltr'><strong>et</strong></span> <span class='ocrx_word' id='word_1_156' title='bbox 933 2284 1255 2376; x_wconf 83' lang='lat' dir='ltr'><strong>capillum</strong></span> <span class='ocrx_word' id='word_1_157' title='bbox 1280 2310 1612 2377; x_wconf 83' lang='lat' dir='ltr'>reponere</span> <span class='ocrx_word' id='word_1_158' title='bbox 1636 2342 1657 2375; x_wconf 85' lang='lat'>,</span> <span class='ocrx_word' id='word_1_159' title='bbox 1686 2316 1829 2362; x_wconf 85' lang='lat' dir='ltr'><strong>non</strong></span> 
     </span>
     <span class='ocr_line' id='line_1_25' title="bbox 245 2376 1645 2467; baseline -0.001 -18"><span class='ocrx_word' id='word_1_160' title='bbox 245 2378 666 2449; x_wconf 80' lang='lat' dir='ltr'><strong>existimabit</strong></span> <span class='ocrx_word' id='word_1_161' title='bbox 695 2376 780 2447; x_wconf 89' lang='lat' dir='ltr'><strong>ad</strong></span> <span class='ocrx_word' id='word_1_162' title='bbox 807 2402 1038 2451; x_wconf 82' lang='lat' dir='ltr'><strong>curam</strong></span> <span class='ocrx_word' id='word_1_163' title='bbox 1065 2402 1255 2448; x_wconf 82' lang='lat' dir='ltr'><strong>suam</strong></span> <span class='ocrx_word' id='word_1_164' title='bbox 1277 2377 1645 2467; x_wconf 80' lang='lat' dir='ltr'><strong>pertinere.</strong></span> 
     </span>
    </p>

    <p class='ocr_par' dir='ltr' id='par_1_3' title="bbox 245 2466 1833 2921">
     <span class='ocr_line' id='line_1_26' title="bbox 341 2466 1831 2563; baseline 0.001 -24"><span class='ocrx_word' id='word_1_165' title='bbox 341 2468 473 2539; x_wconf 86' lang='lat' dir='ltr'><strong>Sed</strong></span> <span class='ocrx_word' id='word_1_166' title='bbox 493 2468 720 2539; x_wconf 84' lang='lat' dir='ltr'><strong>evenit</strong></span> <span class='ocrx_word' id='word_1_167' title='bbox 747 2466 1146 2559; x_wconf 85' lang='lat' dir='ltr'><strong>plerumque</strong></span> <span class='ocrx_word' id='word_1_168' title='bbox 1168 2519 1188 2552; x_wconf 82' lang='lat'>‚</span> <span class='ocrx_word' id='word_1_169' title='bbox 1217 2480 1293 2535; x_wconf 89' lang='lat' dir='ltr'><strong>ut</strong></span> <span class='ocrx_word' id='word_1_170' title='bbox 1321 2467 1447 2536; x_wconf 87' lang='lat' dir='ltr'><strong>hac</strong></span> <span class='ocrx_word' id='word_1_171' title='bbox 1466 2468 1831 2563; x_wconf 79' lang='lat' dir='ltr'><strong>diligentia</strong></span> 
     </span>
     <span class='ocr_line' id='line_1_27' title="bbox 245 2556 1827 2651; baseline 0.001 -23"><span class='ocrx_word' id='word_1_172' title='bbox 245 2558 554 2628; x_wconf 84' lang='lat' dir='ltr'><strong>deterior</strong></span> <span class='ocrx_word' id='word_1_173' title='bbox 595 2559 799 2628; x_wconf 86' lang='lat' dir='ltr'><strong>etiam</strong></span> <span class='ocrx_word' id='word_1_174' title='bbox 840 2556 960 2626; x_wconf 84' lang='lat' dir='ltr'><strong>fiat</strong></span> <span class='ocrx_word' id='word_1_175' title='bbox 993 2556 1237 2627; x_wconf 77' lang='lat' dir='ltr'><strong>oratio,</strong></span> <span class='ocrx_word' id='word_1_176' title='bbox 1279 2557 1622 2649; x_wconf 82' lang='lat' dir='ltr'><strong>Primum,</strong></span> <span class='ocrx_word' id='word_1_177' title='bbox 1664 2560 1827 2651; x_wconf 84' lang='lat' dir='ltr'><strong>quia</strong></span> 
     </span>
     <span class='ocr_line' id='line_1_28' title="bbox 245 2646 1831 2742; baseline 0.001 -23"><span class='ocrx_word' id='word_1_178' title='bbox 245 2662 411 2719; x_wconf 83' lang='lat' dir='ltr'><strong>sunt</strong></span> <span class='ocrx_word' id='word_1_179' title='bbox 459 2650 717 2740; x_wconf 83' lang='lat' dir='ltr'><strong>optima</strong></span> <span class='ocrx_word' id='word_1_180' title='bbox 749 2647 1031 2717; x_wconf 89' lang='lat' dir='ltr'><strong>minime</strong></span> <span class='ocrx_word' id='word_1_181' title='bbox 1055 2646 1385 2731; x_wconf 57' lang='lat' dir='ltr'><strong>,arcessita</strong></span> <span class='ocrx_word' id='word_1_182' title='bbox 1410 2699 1429 2731; x_wconf 89' lang='lat'>‚</span> <span class='ocrx_word' id='word_1_183' title='bbox 1460 2660 1528 2715; x_wconf 86' lang='lat' dir='ltr'><strong>et</strong></span> <span class='ocrx_word' id='word_1_184' title='bbox 1570 2649 1831 2742; x_wconf 89' lang='lat' dir='ltr'><strong>simpli-</strong></span> 
     </span>
     <span class='ocr_line' id='line_1_29' title="bbox 247 2736 1833 2832; baseline 0.003 -23"><span class='ocrx_word' id='word_1_185' title='bbox 247 2738 446 2809; x_wconf 86' lang='lat' dir='ltr'><strong>cibus</strong></span> <span class='ocrx_word' id='word_1_186' title='bbox 477 2752 682 2832; x_wconf 82' lang='lat' dir='ltr'><strong>atque</strong></span> <span class='ocrx_word' id='word_1_187' title='bbox 735 2738 818 2807; x_wconf 84' lang='lat' dir='ltr'><strong>ab</strong></span> <span class='ocrx_word' id='word_1_188' title='bbox 858 2739 1003 2830; x_wconf 89' lang='lat' dir='ltr'><strong>ipsa</strong></span> <span class='ocrx_word' id='word_1_189' title='bbox 1050 2736 1338 2807; x_wconf 85' lang='lat' dir='ltr'><strong>veritate</strong></span> <span class='ocrx_word' id='word_1_190' title='bbox 1385 2738 1706 2829; x_wconf 82' lang='lat' dir='ltr'><strong>profectis</strong></span> <span class='ocrx_word' id='word_1_191' title='bbox 1741 2743 1833 2814; x_wconf 90' lang='lat' dir='ltr'><strong>si-</strong></span> 
     </span>
     <span class='ocr_line' id='line_1_30' title="bbox 246 2828 1827 2921; baseline 0.004 -22"><span class='ocrx_word' id='word_1_192' title='bbox 246 2828 465 2899; x_wconf 89' lang='lat' dir='ltr'><strong>milia.</strong></span> <span class='ocrx_word' id='word_1_193' title='bbox 499 2836 674 2905; x_wconf 74' lang='lat' dir='ltr'><strong>Nsam</strong></span> <span class='ocrx_word' id='word_1_194' title='bbox 713 2828 830 2898; x_wconf 88' lang='lat' dir='ltr'><strong>illa</strong></span> <span class='ocrx_word' id='word_1_195' title='bbox 857 2882 876 2915; x_wconf 88' lang='lat'>‚</span> <span class='ocrx_word' id='word_1_196' title='bbox 917 2853 1062 2921; x_wconf 66' lang='lat' dir='ltr'><strong>quae</strong></span> <span class='ocrx_word' id='word_1_197' title='bbox 1096 2854 1328 2899; x_wconf 85' lang='lat' dir='ltr'><strong>curam</strong></span> <span class='ocrx_word' id='word_1_198' title='bbox 1360 2828 1663 2901; x_wconf 83' lang='lat' dir='ltr'><strong>fatentur</strong></span> <span class='ocrx_word' id='word_1_199' title='bbox 1694 2886 1714 2921; x_wconf 90' lang='lat'>‚</span> <span class='ocrx_word' id='word_1_200' title='bbox 1756 2846 1827 2906; x_wconf 88' lang='lat' dir='ltr'><strong>et</strong></span> 
     </span>
    </p>
   </div>
   <div class='ocr_carea' id='block_1_2' title="bbox 313 2970 1939 3052">
    <p class='ocr_par' dir='ltr' id='par_1_4' title="bbox 313 2970 1939 3052">
     <span class='ocr_line' id='line_1_31' title="bbox 313 2970 1939 3052; baseline -0.028 -4"><span class='ocrx_word' id='word_1_201' title='bbox 313 2984 344 3047; x_wconf 85' lang='lat'><strong>(</strong></span> <span class='ocrx_word' id='word_1_202' title='bbox 365 2987 435 3050; x_wconf 74' lang='grc' dir='ltr'><strong>ι)</strong></span> <span class='ocrx_word' id='word_1_203' title='bbox 475 2983 668 3035; x_wconf 79' lang='lat' dir='ltr'><strong>Anudit</strong></span> <span class='ocrx_word' id='word_1_204' title='bbox 703 2983 770 3035; x_wconf 82' lang='lat' dir='ltr'><strong>ad</strong></span> <span class='ocrx_word' id='word_1_205' title='bbox 803 2984 1125 3052; x_wconf 80' lang='lat' dir='ltr'><strong>proverbium</strong></span> <span class='ocrx_word' id='word_1_206' title='bbox 1172 3000 1381 3049; x_wconf 67' lang='lat' dir='ltr'><strong>gracum</strong></span> <span class='ocrx_word' id='word_1_207' title='bbox 1418 3002 1433 3035; x_wconf 75' lang='lat' dir='ltr'><strong>t</strong></span> <span class='ocrx_word' id='word_1_208' title='bbox 1467 2970 1693 3047; x_wconf 56' lang='lat' dir='ltr'><strong>Ei&#39;pooera</strong></span> <span class='ocrx_word' id='word_1_209' title='bbox 1720 2977 1831 3051; x_wconf 44' lang='grc' dir='ltr'><strong>ὠὴ</strong></span> <span class='ocrx_word' id='word_1_210' title='bbox 1934 2998 1939 3003; x_wconf 90' lang='grc'>.</span> 
     </span>
    </p>
   </div>
   <div class='ocr_carea' id='block_1_3' title="bbox 243 3049 1833 3245">
    <p class='ocr_par' dir='ltr' id='par_1_5' title="bbox 243 3049 1833 3245">
     <span class='ocr_line' id='line_1_32' title="bbox 259 3049 1827 3121; baseline 0.005 -24"><span class='ocrx_word' id='word_1_211' title='bbox 259 3049 317 3121; x_wconf 58' lang='lat'><strong>1(</strong></span> <span class='ocrx_word' id='word_1_212' title='bbox 321 3053 434 3099; x_wconf 77' lang='lat' dir='ltr'><strong>estis</strong></span> <span class='ocrx_word' id='word_1_213' title='bbox 473 3052 624 3099; x_wconf 72' lang='lat' dir='ltr'><strong>virum</strong></span> <span class='ocrx_word' id='word_1_214' title='bbox 657 3052 788 3114; x_wconf 66' lang='lat' dir='ltr'><strong>[iacit</strong></span> <span class='ocrx_word' id='word_1_215' title='bbox 819 3067 836 3099; x_wconf 91' lang='lat'><strong>.·</strong></span> <span class='ocrx_word' id='word_1_216' title='bbox 873 3067 977 3116; x_wconf 83' lang='lat' dir='ltr'><strong>quo</strong></span> <span class='ocrx_word' id='word_1_217' title='bbox 1009 3049 1351 3117; x_wconf 82' lang='lat' dir='ltr'><strong>significamus</strong></span> <span class='ocrx_word' id='word_1_218' title='bbox 1393 3050 1555 3115; x_wconf 82' lang='lat' dir='ltr'><strong>ipsum</strong></span> <span class='ocrx_word' id='word_1_219' title='bbox 1596 3068 1827 3107; x_wconf 72' lang='lat' dir='ltr'><strong>ornatum</strong></span> 
     </span>
     <span class='ocr_line' id='line_1_33' title="bbox 243 3114 1829 3181; baseline 0.005 -18"><span class='ocrx_word' id='word_1_220' title='bbox 243 3114 676 3181; x_wconf 79' lang='lat' dir='ltr'><strong>magnificentiam</strong></span> <span class='ocrx_word' id='word_1_221' title='bbox 708 3114 958 3181; x_wconf 77' lang='lat' dir='ltr'><strong>quandam</strong></span> <span class='ocrx_word' id='word_1_222' title='bbox 987 3127 1034 3165; x_wconf 85' lang='lat' dir='ltr'><strong>et</strong></span> <span class='ocrx_word' id='word_1_223' title='bbox 1056 3114 1391 3165; x_wconf 81' lang='lat' dir='ltr'><strong>auctoritatem</strong></span> <span class='ocrx_word' id='word_1_224' title='bbox 1424 3114 1712 3169; x_wconf 83' lang='lat' dir='ltr'><strong>hominibus</strong></span> <span class='ocrx_word' id='word_1_225' title='bbox 1740 3121 1829 3171; x_wconf 78' lang='lat' dir='ltr'><strong>ad-</strong></span> 
     </span>
     <span class='ocr_line' id='line_1_34' title="bbox 243 3178 1833 3245; baseline 0.001 -17"><span class='ocrx_word' id='word_1_226' title='bbox 243 3179 382 3228; x_wconf 75' lang='lat' dir='ltr'>dere.</span> <span class='ocrx_word' id='word_1_227' title='bbox 407 3179 671 3230; x_wconf 76' lang='lat' dir='ltr'><strong>Existimat</strong></span> <span class='ocrx_word' id='word_1_228' title='bbox 685 3182 910 3230; x_wconf 70' lang='lat' dir='ltr'><strong>Erasmus</strong></span> <span class='ocrx_word' id='word_1_229' title='bbox 926 3198 954 3229; x_wconf 85' lang='lat' dir='ltr'><strong>a</strong></span> <span class='ocrx_word' id='word_1_230' title='bbox 973 3179 1133 3231; x_wconf 82' lang='lat' dir='ltr'><strong>Fabio</strong></span> <span class='ocrx_word' id='word_1_231' title='bbox 1151 3178 1425 3245; x_wconf 71' lang='lat' dir='ltr'><strong>significari</strong></span> <span class='ocrx_word' id='word_1_232' title='bbox 1440 3198 1631 3231; x_wconf 80' lang='lat' dir='ltr'><strong>versum</strong></span> <span class='ocrx_word' id='word_1_233' title='bbox 1690 3204 1833 3237; x_wconf 83' lang='lat' dir='ltr'><strong>uem-</strong></span> 
     </span>
    </p>
   </div>
   <div class='ocr_carea' id='block_1_4' title="bbox 245 3243 1828 3377">
    <p class='ocr_par' dir='ltr' id='par_1_6' title="bbox 245 3243 1828 3377">
     <span class='ocr_line' id='line_1_35' title="bbox 245 3243 1828 3326; baseline 0.003 -33"><span class='ocrx_word' id='word_1_234' title='bbox 245 3244 367 3293; x_wconf 80' lang='lat' dir='ltr'><strong>dam</strong></span> <span class='ocrx_word' id='word_1_235' title='bbox 393 3243 742 3326; x_wconf 47' lang='lat' dir='ltr'><strong>homericum),</strong></span> <span class='ocrx_word' id='word_1_236' title='bbox 771 3262 922 3311; x_wconf 85' lang='lat' dir='ltr'><strong>quem</strong></span> <span class='ocrx_word' id='word_1_237' title='bbox 940 3245 1265 3299; x_wconf 70' lang='lat' dir='ltr'><strong>Nausicae‘de</strong></span> <span class='ocrx_word' id='word_1_238' title='bbox 1288 3246 1465 3315; x_wconf 72' lang='lat' dir='ltr'><strong>Ulysse</strong></span> <span class='ocrx_word' id='word_1_239' title='bbox 1492 3247 1625 3299; x_wconf 74' lang='lat' dir='ltr'><strong>dixit</strong></span> <span class='ocrx_word' id='word_1_240' title='bbox 1652 3250 1746 3306; x_wconf 76' lang='lat' dir='ltr'><strong>hh.</strong></span> <span class='ocrx_word' id='word_1_241' title='bbox 1764 3255 1828 3307; x_wconf 55' lang='lat'><strong>24</strong></span> 
     </span>
     <span class='ocr_line' id='line_1_36' title="bbox 245 3308 1247 3377; baseline 0.002 -18"><span class='ocrx_word' id='word_1_242' title='bbox 245 3327 338 3361; x_wconf 72' lang='lat' dir='ltr'><strong>seu</strong></span> <span class='ocrx_word' id='word_1_243' title='bbox 364 3308 414 3363; x_wconf 87' lang='grc'><strong>6.</strong></span> <span class='ocrx_word' id='word_1_244' title='bbox 435 3329 558 3360; x_wconf 83' lang='lat' dir='ltr'>vers.</span> <span class='ocrx_word' id='word_1_245' title='bbox 595 3328 677 3377; x_wconf 79' lang='lat'><strong>29.</strong></span> <span class='ocrx_word' id='word_1_246' title='bbox 717 3308 873 3365; x_wconf 71' lang='lat' dir='ltr'><strong>sum.</strong></span> <span class='ocrx_word' id='word_1_247' title='bbox 1244 3339 1247 3340; x_wconf 25' lang='grc' dir='ltr'><em>ν</em></span> 
     </span>
    </p>
   </div>
   <div class='ocr_carea' id='block_1_5' title="bbox 445 3367 1507 3447">
    <p class='ocr_par' dir='ltr' id='par_1_7' title="bbox 445 3367 1507 3447">
     <span class='ocr_line' id='line_1_37' title="bbox 445 3367 1507 3447; baseline -0.002 0"><span class='ocrx_word' id='word_1_248' title='bbox 445 3376 650 3447; x_wconf 78' lang='lat' dir='ltr'><strong>Tomc</strong></span> <span class='ocrx_word' id='word_1_249' title='bbox 691 3375 782 3447; x_wconf 90' lang='lat' dir='ltr'><strong>Il.</strong></span> <span class='ocrx_word' id='word_1_250' title='bbox 1254 3376 1261 3383; x_wconf 71' lang='grc'><strong>’</strong></span> <span class='ocrx_word' id='word_1_251' title='bbox 1322 3367 1327 3373; x_wconf 57' lang='grc'><strong>’</strong></span> <span class='ocrx_word' id='word_1_252' title='bbox 1448 3380 1507 3445; x_wconf 92' lang='grc' dir='ltr'>Β</span> 
     </span>
    </p>
   </div>
  </div>
 </body>
</html>
