2188 3757
580 142 709 210 nn
754 143 1594 224 Pnonvnrmoetonn.
1737 143 1866 208 301

304 239 528 304 eant-1³
556 231 877 302 inhibent
926 241 951 300 ?
996 230 1347 326 probant?
1391 232 1882 302 admirantur?

293 321 904 396 'verecundantur?
954 329 1114 392 Non
1169 323 1241 392 in
1327 321 1880 415 demonstrandis

302 415 477 487 locis
530 429 734 510 atque
780 415 1085 509 personis
1147 413 1629 500 adverbiorum
1675 427 1880 508 atque

233 557 267 592 ,-
305 509 797 600 pronominum
863 507 1182 578 obtinent
1250 507 1470 578 vicem
1529 515 1555 578 ἓ
1617 520 1694 577 ut
1724 559 1743 592 ,
1807 505 1881 576 in

240 650 246 655 -
305 612 501 669 tanta
527 626 649 706 per
672 625 907 698 omnes
996 612 1187 669 entes
1233 597 1718 692 nationesques
1753 597 1887 667 lin-

301 693 455 784 guae
490 690 885 761 dlversitate
913 625 1085 776 ‚zie
1117 689 1289 761 mihi
1321 690 1630 762 omnium
1659 687 1885 760 homi-

308 808 476 852 num
505 783 884 864 communis
909 807 1130 853 sermo
1162 781 1499 854 videatur.
1577 786 1586 802 “

404 879 492 964 Et
529 873 577 944 ii
620 874 900 968 quidem
930 927 948 960 ‚
980 873 1065 944 de
1100 873 1352 968 quibus
1385 900 1535 944 sum
1577 855 1888 960 loeium,
1981 867 2015 966 ⁶,

310 991 469 1036 cum
498 964 663 1060 ipsis
694 965 976 1038 vocibus
1010 965 1420 1036 naturaliter
1459 977 1709 1035 exeunt
1741 989 1891 1056 ges-

308 1069 467 1126 tus:
502 1057 617 1152 alii
654 1069 858 1143 sunt,
897 1057 1015 1150 qui
1047 1083 1154 1127 res
1185 1055 1892 1148 imitationesignifi-

312 1161 520 1234 cant3
555 1162 631 1218 ut
688 1149 739 1218 si
776 1175 1068 1242 aegrum,
1124 1148 1456 1228 tentantis
1497 1167 1702 1218 venas
1733 1173 1894 1243 Ing-

313 1239 453 1310 dici
489 1241 948 1311 similitudine
983 1293 1002 1324 ‚
1057 1252 1177 1310 aut
1222 1239 1670 1310 citharoedum
1699 1292 1718 1326 ‚
1752 1240 1894 1310 for-

303 1331 527 1401 matis
554 1332 639 1403 ad
666 1331 943 1406 modum
988 1332 1440 1424 percutientis
1475 1357 1718 1402 nervos
1751 1357 1896 1402 ma-

314 1423 529 1493 nibus
560 1424 941 1509 ‚ostendas
974 1452 987 1492 :
1039 1424 1232 1518 quod·
1257 1449 1472 1529 genus
1503 1449 1706 1516 quam
1743 1423 1895 1502 lon-,-

316 1515 590 1608 gissime
625 1514 697 1584 in
731 1522 990 1586 actione
1023 1529 1118 1584 est
1152 1511 1577 1608 fugiendu'm.
1635 1514 1894 1586 Abesse

316 1605 505 1677 enim
533 1607 903 1699 plurimum
943 1632 981 1676 a
1018 1606 1340 1676 saltatore
1373 1604 1578 1676 debet
1611 1607 1846 1676 orator
1871 1659 1895 1690 ‚

316 1711 398 1769 ut
430 1699 517 1768 sit
566 1711 796 1792 gestus
830 1697 916 1768 ad
966 1723 1203 1768 sensus
1255 1697 1470 1791 magis
1501 1751 1522 1784 ‚
1555 1723 1760 1804 quam
1808 1697 1900 1768 ad

314 1789 525 1863 verba
562 1843 579 1876 ‚
613 1789 1166 1861 accommodatus
1203 1816 1218 1860 :
1254 1790 1441 1887 quod
1493 1801 1700 1870 enam
1741 1789 1900 1860 his-

309 1883 663 1967 §brionibus
704 1882 912 1977 paulo
944 1884 1376 1977 gravioribus
1412 1877 1634 1953 facere
1687 1884 1899 1953 moris

317 1974 477 2046 fuit.
512 1981 698 2068 Ergo
746 1987 821 2046 ut
856 1976 944 2045 ad
978 2000 1045 2045 se
1082 2000 1362 2047 manum
1395 1974 1649 2045 referre
1673 2028 1693 2061 .‚
1742 2000 1900 2045 cum

319 2065 406 2138 de
444 2064 724 2159 se'ipso
780 2066 1149 2173 loquatur,
1200 2080 1270 2137 et
1329 2067 1404 2137 in
1459 2092 1652 2151 eum,
1694 2091 1900 2159 quem

320 2158 746 2229 demonstret
793 2212 813 2244 ‚
880 2156 1238 2229 lutendere
1275 2212 1294 2242 ,
1369 2170 1438 2227 et
1506 2157 1735 2249 aliqua
1792 2156 1900 2227 his

321 2250 573 2320 similia
626 2250 1052 2343 permiserim
1101 2275 1122 2336 3
1190 2251 1287 2321 ita
1351 2274 1496 2320 non
1576 2249 1904 2342 effingere

321 2354 539 2413 status
573 2341 904 2435 quosdam
936 2395 957 2429 ,
990 2354 1058 2413 et
1084 2395 1104 2430 ‚
1151 2340 1482 2435 quicquid
1525 2339 1711 2411 dicet
1741 2395 1760 2427 ‚
1796 2365 1906 2411 os-

320 2432 630 2504 tendere.
1415 2444 1422 2449 ’

414 2533 663 2623 Neque.
720 2525 793 2595 id
852 2524 926 2596 in
975 2525 1294 2597 manibus
1331 2524 1554 2595 solum
1589 2574 1609 2610 ‚
1660 2520 1776 2591 sed
1831 2521 1904 2593 in

323 2618 517 2689 omni
568 2630 763 2713 gestu
815 2644 894 2687 ac
928 2644 1090 2689 voce
1127 2616 1540 2689 servandum
1593 2627 1716 2685 est.
1749 2620 1909 2684 Non

235 2751 243 2761 ι
322 2710 508 2781 enim
530 2722 649 2779 aut
670 2710 743 2779 in
781 2707 900 2779 illa
926 2710 1237 2801 period0‚
1267 2716 1372 2795 (1)
1395 2707 1592 2778 Stetit
1617 2705 1909 2787 soleatus·

372 2800 827 2893 roelorp'opnli
844 2807 1112 2871 romani
1140 2855 1158 2886 ‚
1209 2800 1574 2871 inclinatio
1624 2798 1910 2868 incum—

320 2829 555 2964 ssentis
605 2894 677 2964 in
714 2893 1188 2965 mulierculam
1233 2892 1470 2963 Verris
1519 2888 1912 2981 effingenda

328 2997 431 3055 est
464 3010 485 3071 3
518 2999 635 3055 aut
671 2987 745 3057 in
778 2985 897 3055 illa
926 3040 945 3072 ‚
982 2984 1380 3062 Coedebalur
1399 2989 1465 3055 in
1499 2983 1714 3052 medio
1733 2980 1908 3073 soro

324 3076 670 3150 Messana·
704 3132 723 3165 ‚
763 3085 863 3164 (2)
900 3092 1126 3151 motus
1161 3078 1472 3167 laterum,
1508 3073 1910 3170 qualis-‘esse

393 3219 505 3289 (ι)
538 3236 583 3286 7.
613 3221 758 3271 Verr.
790 3218 874 3272 85.

398 3295 509 3351 (2)
542 3304 590 3358 7·
624 3284 769 3355 Verr.
800 3284 915 3343 161.
