2188 3757
607 237 730 306 DE
774 238 1434 314 Emnnuxom.
1667 235 1804 304 215

206 325 462 414 dave}
486 325 877 417 deiicienda
910 340 1073 395 sunt
1108 353 1124 394 ι
1159 351 1469 417 premere
1497 349 1660 395 vero
1695 339 1806 394 tu·-

220 419 537 502 mentia,
613 416 900 488 humilia
962 416 1334 499 extollere,
1385 416 1804 486 luxuriantia

223 508 699 602 adstringere,
750 507 1140 579 inordinata
1197 507 1533 599 dirigere,
1579 508 1811 577 soluta·

226 623 639 693 componere
666 652 685 683 ,
713 599 1124 670 exsultantia
1169 609 1482 668 coercere
1507 649 1526 682 ,
1575 599 1808 692 dupli·-

226 693 327 771 cis
352 717 595 784 operat„
644 697 819 769 Nam
860 703 929 773 et
962 689 1352 766 damnanda
1403 701 1599 773 sunt,
1653 717 1802 782 quae

222 783 765 876 placuerant3et
800 781 1246 868 invenienda,
1281 809 1426 876 quae
1463 781 1802 874 fugerant.

264 939 275 948 .
322 882 463 946 Noc
488 873 775 950 dubium
822 886 953 956 est,
988 875 1324 966 optimum
1379 899 1522 954 esse
1573 897 1805 944 emen-

221 963 433 1038 dandi
469 965 811 1058 genus,-si
840 965 1093 1057 scripta
1123 965 1194 1035 in
1221 963 1503 1059 aliquod
1536 975 1804 1055 tempus

220 1069 689 1148 reponantur,
753 1070 829 1126 ut
856 1056 941 1126 ad
984 1069 1273 1149 ea.post
1328 1055 1798 1140 intervallum,

223 1148 416 1219 velut
470 1173 645 1218 nova
674 1161 879 1242 'atque
906 1217 911 1220 ,
938 1147 1199 1231 aliena,
1256 1147 1647 1230 redeamus,
1713 1173 1802 1217 ne

224 1237 429 1308 nobis
461 1241 613 1310 scri·
645 1252 711 1309 ta
736 1253 967 1310 nostra
988 1293 1006 1323 ,
1028 1251 1351 1332 tanquam
1387 1243 1690 1308 recentes
1710 1238 1807 1310 fe-

224 1343 379 1414 tus,
407 1266 875 1412 blantliantur.
909 1331 1040 1400 Sed
1074 1357 1296 1422 neque
1333 1329 1465 1400 hoc
1498 1329 1819 1424 contige--

222 1443 300 1496 re
336 1447 599 1515 semper
631 1434 887 1514 potest,
938 1423 1309 1514 praesertim
1360 1421 1658 1506 oratori,
1688 1421 1802 1492 cui

226 1512 477 1605 saepius
505 1514 800 1584 scribere
828 1513 913 1582 ad
950 1526 1312 1605 praesente-s
1341 1539 1502 1580 usus
1530 1537 1802 1584 necesse

228 1617 337 1673 est
368 1632 385 1673 :
417 1617 487 1684 et
527 1605 673 1696 ipsa
698 1605 1086 1674 emendatio
1121 1601 1592 1672 finem'habet.
1627 1609 1805 1691 S„unt

224 1695 417 1780 enim
449 1695 565 1788 qui
597 1695 687 1766 ad
722 1696 953 1766 omnia
1000 1696 1286 1786 scripta,
1318 1707 1642 1784 tanquam
1702 1693 1805 1762 vi-

224 1787 446 1871 tiosa,
482 1787 807 1872 redeant;
841 1801 953 1872 et,
980 1787 1170 1881 quasi
1203 1784 1378 1854 nihil
1411 1783 1510 1874 fas
1537 1783 1622 1854 sit
1657 1809 1804 1854 rec·-

225 1891 375 1948 1um
400 1904 538 1952 esse
560 1932 579 1963 ,
614 1877 801 1971 quod
880 1880 1126 1949 rimum
1163 1892 1268 1959 est
1289 1930 1310 1962 ,
1343 1875 1585 1947 melius
1635 1875 1802 1947 exis-

224 1970 510 2055 timent,
530 1906 875 2076 quicquidp
880 1985 981 2041 est
998 1970 1230 2056 aliud;
1264 1969 1466 2063 idque
1495 1969 1755 2039 faciunt
1778 2021 1800 2055 ,

226 2062 499 2154 quoties
518 2062 770 2135 librum
796 2063 867 2133 in
896 2087 1136 2153 manus
1163 2061 1647 2153 resumpserint
1673 2119 1690 2145 ,
1711 2058 1803 2129 si-

229 2152 435 2223 miles
488 2154 771 2226 medicis
822 2154 1029 2225 etiam
1074 2154 1342 2245 integra
1367 2154 1805 2227 secantibus.

224 2244 505 2316 Accidit
566 2246 793 2340 itaque
824 2300 843 2331 ,
900 2258 975 2315 ut
1036 2245 1432 2317 cicatricosa
1493 2244 1672 2331 sint,
1732 2260 1802 2317 et

227 2361 429 2405 exsan
484 2337 629 2422 uia,
666 2351 733 2408 et
766 2363 927 2409 cura
969 2342 1223 2430 pejora.
1255 2336 1356 2409 sit
1409 2336 1624 2431 igitur
1662 2336 1804 2408 ali·-

226 2364 545 2518 quamfo,
610 2430 792 2521 quod
842 2428 1106 2522 placeat
1133 2480 1152 2511 ,
1211 2442 1331 2497 aut
1385 2444 1564 2501 certe
1615 2430 1802 2523 quod

226 2520 521 2589 sufficiat
556 2548 571 2588 ε
608 2532 681 2589 ut
718 2547 888 2613 opus
945 2520 1356 2611 poliatdima
1379 2573 1398 2601 ,
1437 2546 1576 2591 non
1627 2534 1804 2590 exte-

226 2622 356 2678 rat.
392 2612 755 2703 Temporis
804 2637 1072 2704 quoque
1107 2637 1249 2680 esse
1285 2610 1488 2679 debet
1537 2610 1800 2683 modus⁶

222 2707 402 2773 Nam
438 2702 625 2796 quod
665 2702 899 2773 Cinnae
934 2710 1290 2794 Smyrnam
1325 2728 1565 2774 novem
1603 2703 1802 2775 annis

224 2795 615 2885 accepimus
646 2796 967 2889 scriptam
998 2847 1018 2877 ,
1056 2806 1125 2862 et
1152 2795 1651 2887 Panegyricum
1669 2803 1806 2867 Iso-

226 2886 470 2970 cratis,
564 2886 632 2955 ui
678 2886 1101 2978 parcissime,
1151 2884 1384 2957 decem
1434 2890 1634 2958 annis
1683 2888 1805 2959 di-

226 2989 399 3045 cunt
428 2912 849 3047 elaffioratum
871 3030 889 3061 ,
926 2977 1015 3047 ad
1052 2990 1394 3047 oratorem
1429 2980 1600 3049 nihil
1637 3004 1805 3071 per-

224 3066 405 3137 tinet
441 3096 455 3137 =
494 3072 691 3156 cujus
718 3068 985 3139 nullum
1022 3070 1202 3154 erit,
1237 3070 1296 3140 si
1347 3086 1484 3140 tam
1532 3070 1826 3140 tardum'

223 3156 479 3246 fuerit,
514 3160 864 3230 auxilium.
1264 3180 1267 3185 ·
