2188 3757
907 155 940 173 ἱ

610 217 758 282 ·D1;
827 218 1363 284 Scnunmno.
1645 220 1778 284 213
1872 245 1878 254 ·

189 305 272 376 in
307 329 480 398 opus
500 303 724 396 ipsum
747 303 1094 388 direxeris,
1124 305 1298 374 nihil
1324 329 1561 376 eorum
1581 357 1599 388 ‚
1626 331 1777 398 quae

189 397 308 469 vel
339 395 558 488 oculis
605 395 711 466 vel
757 394 1038 465 auribus
1067 396 1421 466 incursant
1444 446 1467 481 ‚
1518 396 1604 465 ad
1635 395 1781 466 ani-

190 513 384 558 mum
391 487 772 593 perveniet.
791 491 898 556 An
917 511 1079 558 vero
1098 486 1154 556 si
1171 487 1559 579 frequenter
1570 487 1777 582 etjam

190 579 482 650 fortuita
517 577 650 648 hoc
700 577 1026 670 cogitatio
1069 591 1369 671 praestat‚
1417 591 1495 647 ut
1536 577 1775 648 obvios

194 695 340 740 non
367 668 756 754 videamus,
790 680 859 738 et
896 668 1144 740 itinere
1174 667 1605 766 deerremus3
1630 693 1775 740 non

195 785 698 853 consequemur
728 759 910 830 idem
935 812 956 844 ‚
985 759 1041 830 si
1077 772 1148 830 et
1179 759 1597 832 voluerimus
1631 769 1659 830 'x'
1796 821 1805 839 ,

245 857 406 922 Non
425 850 1034 942 estindulgendum
1055 852 1276 922 causis
1292 849 1773 922 desidiae.Nam

195 943 258 1012 si
277 968 422 1014 non
444 942 576 1028 nisi
597 941 856 1027 refecti,
877 967 1016 1012 non
1036 943 1166 1014 nisi
1189 942 1459 1026 hilares,
1482 967 1621 1012 non
1646 941 1781 1012 nisi

195 1031 516 1104 omnibus
548 1033 699 1102 aliis
729 1033 912 1106 curis
963 1046 1281 1103 vacantes
1310 1085 1329 1116 ,
1359 1032 1777 1104 studendum

191 1123 822 1208 existimaverimus,
841 1149 1105 1215 semper
1128 1125 1279 1208 erit,
1297 1137 1573 1216 propter
1589 1121 1777 1215 quod

192 1215 398 1284 nohis
423 1215 868 1320 ignoscamus.
891 1221 1120 1303 Quare
1154 1215 1226 1285 in
1254 1213 1474 1300 turba,
1502 1215 1774 1299 itinere,

193 1307 528 1378 conviviis
581 1307 684 1377 vel
735 1305 1068 1376 concione
1118 1306 1323 1376 etiam
1386 1305 1593 1374 saciat
1638 1303 1773 1374 sibi

193 1397 522 1489 cogitatio
554 1396 700 1490 ipsa
717 1415 1073 1468 secretum.
1109 1395 1297 1486 Quid
1330 1395 1733 1491 alioqui-fiet
1754 1451 1777 1484 ,

193 1513 350 1559 cum
396 1488 468 1558 in
517 1488 744 1558 medio
787 1489 974 1574 som,
1023 1501 1129 1558 tot
1169 1486 1773 1558 circumstantibus

187 1577 470 1664 judiciis
497 1630 516 1662 ‚
551 1579 790 1668 juroiis
815 1633 835 1662 ‚
877 1579 1183 1648 fortuitis
1220 1578 1425 1648 etiam
1457 1579 1773 1648 clamori-

185 1668 322 1738 bus
345 1722 364 1753 ,
406 1669 538 1740 erit
573 1635 800 1740 subito
836 1671 1165 1739 continua
1203 1669 1515 1738 oratione
1543 1668 1773 1737 dicen·

189 1759 360 1846 dum
395 1813 414 1846 ‚
457 1761 512 1830 si
562 1760 975 1853 particulas,
1026 1785 1193 1854 quas
1248 1761 1420 1830 ceris
1474 1760 1772 1828 manda-

187 1877 382 1937 mus,
409 1851 542 1925 nisi
589 1852 660 1923 in
701 1851 1074 1924 solitudine
1115 1851 1416 1959 reperire
1448 1877 1589 1921 non
1617 1877 1774 1945 pos-

189 1970 423 2013 sumus
445 1951 471 2012 ἓ
490 1949 778 2037 Propter
803 1971 948 2035 quae
975 1944 1156 2015 idem
1193 1944 1307 2014 ille
1336 1956 1566 2013 tantus
1586 1969 1771 2013 ama-

187 2046 302 2125 tor
353 2034 596 2104 secreti
643 2035 1145 2105 Demosthenes
1173 2087 1193 2118 .,
1246 2035 1318 2103 in
1369 2035 1645 2119 littore,
1690 2035 1765 2105 in

187 2124 378 2217 quod
411 2152 482 2195 se
506 2124 806 2196 maximo
853 2151 1007 2195 cum
1043 2152 1215 2195 sono
1251 2124 1497 2195 fluctus
1531 2123 1773 2194 illide-

186 2230 332 2301 ret,
377 2216 764 2301 meditans,
815 2216 1301 2287 consuescebat
1357 2216 1769 2287 concionum

185 2307 504 2377 fremitus
537 2335 677 2377 non
711 2334 1173 2401 expavescere..

275 2406 392 2468 VI.
413 2399 534 2469 llla
555 2425 824 2491 quoque
846 2397 1110 2469 minora
1137 2399 1301 2483 (sed
1320 2398 1494 2468 nihil
1531 2398 1601 2467 in
1632 2411 1770 2468 stu-

183 2490 320 2561 diis
355 2516 640 2581 parvum
710 2503 810 2560 est
850 2500 878 2575 )
919 2516 1058 2559 non
1116 2504 1277 2559 sunt
1316 2488 1768 2573 transeunda,

185 2580 394 2651 scribi
417 2582 672 2672 optime
702 2579 904 2665 ceris,
941 2582 1008 2651 in
1032 2581 1280 2673 quibus
1314 2578 1637 2648 facillima
1670 2590 1771 2647 est

183 2671 363 2755 ratio
395 2672 671 2742 delendi
729 2672 911 2745 :nisi
965 2671 1141 2741 forte
1206 2670 1389 2739 visus
1430 2669 1769 2740 infirmior

184 2762 737 2833 membranarum
759 2756 986 2855 potius
1010 2788 1207 2831 usum
1228 2761 1448 2855 exiget
1474 2790 1489 2831 ε
1528 2789 1671 2855 quae
1694 2774 1773 2833 ut

179 2858 425 2945 juvant
452 2854 668 2924 aciem
693 2894 712 2939 -.,
741 2855 836 2923 ita
869 2854 1107 2925 crebra
1133 2854 1500 2939 relatione,
1539 2852 1771 2945 quoad

107 2950 120 2957 ”
180 2946 631 3037 intinguntur
663 2945 944 3029 calami,
975 2958 1331 3017 morantur
1354 2971 1631 3015 manum
1653 2997 1671 3029 ‚
1700 2956 1773 3013 et

183 3036 625 3127 cogitationis
660 3036 988 3127 impetum
1016 3037 1393 3129 frangunt.⁷

229 3186 236 3189 .
271 3127 774 3219 Relinquenda:
797 3142 1022 3197 autem
1057 3130 1127 3196 in
1165 3126 1491 3197 utrolibet
1518 3150 1767 3219 genere

179 3244 410 3287 vacuae
459 3217 726 3287 tabellae
766 3270 786 3300 ‚
867 3219 936 3286 in
991 3219 1239 3309 quibus
1300 3216 1513 3287 libera
1582 3214 1770 3303 adji-

181 3309 415 3389 ciendi
467 3310 558 3381 sit
612 3309 942 3379 excursio.
1003 3316 1176 3378 Nam
1219 3308 1498 3378 interim
1556 3305 1788 3405 pigri--
