2188 3757
289 230 414 298 168
697 230 896 293 Lu.
955 228 1047 291 X.
1098 226 1284 293 CAP.
1348 228 1401 292 1.

283 344 430 411 quae
465 340 602 384 non
637 314 932 407 placent.
966 314 1098 383 Sed
1132 340 1170 383 e
1208 312 1557 383 contrario
1590 338 1867 407 quoque
1908 349 1913 358 ·

286 406 575 489 accidit,
609 420 682 475 ut
717 406 972 497 optime
991 405 1197 477 dictis
1222 406 1512 498 gratiam
1544 430 1747 497 prava
1768 412 1873 497 ju·

285 497 470 569 dicia
503 522 644 565 non
686 497 1009 565 referant.
1470 502 1475 507 ’

377 587 620 657 Lectio
661 586 880 657 libera
907 600 1047 670 est,
1097 611 1226 655 nec
1280 585 1573 655 actionis
1610 585 1873 678 impetu

284 679 726 749 transcurrit:
750 678 866 749 sed
895 688 1201 769 repetere
1228 676 1468 767 saepius
1496 677 1657 745 licet
1676 730 1694 761 ‚
1724 678 1877 747 sive

282 768 558 840 d‘ubites
581 822 600 853 ‚
635 770 777 839 sive
847 768 1189 837 memoriae
1248 766 1523 857 penitus
1590 769 1867 859 affigere

282 861 475 933 velis.
523 866 937 951 Repetamus
997 870 1265 940 autem,
1327 870 1395 925 et
1452 869 1869 944 tractemus3

283 964 386 1035 et,
422 962 496 1019 ut
526 950 714 1031 cibos
741 974 1009 1019 mansos
1053 974 1131 1017 ac
1186 973 1397 1041 prope
1460 948 1882 1039 liquefactos·

285 1042 753 1126 demittimus»,
803 1067 938 1134 quo
971 1038 1247 1113 facilius
1277 1040 1717 1129 digerantur,
1768 1040 1871 1109 ita

277 1134 488 1204 lectio
549 1159 688 1201 non
744 1131 995 1215 cruda,
1058 1130 1179 1201 sed
1240 1131 1453 1198 multa
1493 1130 1865 1200 iteratione

283 1225 586 1306 mollita,
619 1238 687 1291 et
724 1224 908 1291 velut
945 1221 1297 1306 confecta,
1333 1221 1673 1291 memoriae
1712 1222 1869 1291 imi-

286 1314 670 1407 tationique
709 1314 1040 1383 tradatur.

376 1411 480 1474 Ac
497 1404 613 1472 diu
642 1430 780 1473 non
809 1402 941 1473 nisi
971 1398 1268 1493 optinius
1294 1402 1614 1493 quisque,
1652 1403 1869 1495 etqui

286 1496 674 1566 credentem
714 1495 854 1567 ,sibi
901 1494 1179 1564 minime
1235 1494 1472 1573 fallat,
1538 1494 1867 1583 legendus

287 1601 424 1671 est,
459 1586 576 1655 sed
603 1585 1008 1678 diligenter,
1053 1610 1133 1655 ac
1164 1610 1337 1675 pene
1382 1583 1467 1655 ad
1516 1585 1867 1655 scribendi

290 1677 832 1749 sollicitudinem
867 1702 1032 1747 :nec
1065 1702 1187 1767 per
1212 1688 1433 1766 partes
1466 1674 1667 1745 modo
1688 1702 1871 1748 scru-

286 1768 497 1839 tanda
544 1768 821 1851 omnia,
853 1769 972 1836 sed
1007 1767 1346 1856 perlectus
1389 1765 1566 1835 liber
1627 1767 1867 1860 utique
1922 1851 1930 1859 ·

285 1887 366 1930 ex
399 1861 666 1952 integro
694 1859 1139 1928 resumendus
1160 1909 1177 1940 ‚
1216 1856 1687 1948 praecipueque
1714 1885 1871 1927 ora-

284 1952 387 2020 tio
415 2003 434 2034 ,
499 1955 692 2038 cujus
733 1950 1018 2042 virtutes
1075 1949 1465 2040 frequenter
1506 1974 1585 2016 ex
1631 1949 1872 2020 indus·-

287 2042 423 2111 tria
457 2066 728 2146 quoque
772 2041 1232 2110 occultantur.
1259 2045 1443 2131 Saepe
1471 2039 1657 2108 enim
1698 2065 1870 2132 prae-
1917 2098 1926 2114 ,

287 2145 528 2226 parat,
565 2132 984 2217 dissimulat,
1018 2128 1387 2200 insidiatur
1435 2141 1705 2213 orator,
1740 2157 1869 2199 ea-
1918 2142 1929 2154 ‘

282 2249 419 2313 que
455 2223 526 2290 in
557 2221 770 2314 prima
794 2237 982 2314 parte
999 2226 1288 2305 actionis
1312 2220 1483 2290 dicit
1502 2273 1521 2304 ‚
1538 2246 1685 2312 quae
1706 2235 1869 2292 sunt

291 2313 360 2382 in
404 2339 660 2381 summa
698 2315 1075 2404 profutura.
1112 2319 1345 2470 1¹³3,oe
1396 2336 1522 2380 suo
1570 2313 1719 2384 loco
1746 2313 1867 2382 mi·

290 2430 422 2473 nus
475 2404 784 2496 placent,
837 2404 1064 2473 adhuc
1124 2428 1217 2470 no
1272 2402 1390 2500 is&
1416 2427 1625 2492 quare
1680 2404 1866 2473 dicta

289 2494 465 2578 sint,
494 2495 970 2588 ignorantibus
1003 2523 1018 2564 ε
1061 2494 1352 2586 ideoque
1389 2506 1594 2563 erunt
1626 2495 1903 2587 cogni-⁴

289 2587 378 2658 tis
417 2585 736 2656 omnihus
771 2587 1162 2676 repetenda.
1926 2597 1931 2606 '

379 2677 558 2746 Illud
580 2704 738 2748 vero
763 2677 1233 2763 iustissimum,
1257 2699 1451 2746 nosse
1472 2699 1585 2744 eas
1601 2699 1863 2761 causas,

290 2792 578 2858 quarum
625 2768 968 2838 orationes
1023 2769 1094 2837 in
1150 2791 1389 2836 manus
1415 2767 1863 2855 sumpsimus;

293 2872 362 2926 et
395 2858 659 2950 quoties
693 2860 1082 2950 continget,
1113 2858 1434 2948 utrinque
1468 2855 1735 2926 habitas
1776 2857 1897 2952 le-‘

288 2973 446 3040 gere
472 2953 798 3027 actiones;
833 2962 909 3018 ut
943 2947 1429 3020 Demosthenis
1474 2961 1675 3039 atque
1721 2953 1862 3018 AEs-

290 3037 512 3108 chinis
548 3038 727 3108 inter
759 3067 828 3110 se
867 3041 1287 3124 contrarias3
1325 3052 1400 3108 ut
1435 3038 1650 3108 Servii
1692 3039 1866 3108 Sul-

289 3129 443 3222 pitii
467 3184 484 3214 ‚
518 3143 586 3200 et
617 3131 920 3208 Messalae
945 3185 963 3214 ,
999 3157 1289 3225 quorum
1332 3129 1505 3234 alter
1527 3155 1651 3234 pro
1675 3130 1865 3201 Aufi-

290 3221 404 3290 dia
421 3273 439 3305 ‚
473 3235 707 3293 contra
735 3223 904 3298 dixit
927 3223 1136 3307 alter3
1162 3235 1229 3292 et
1252 3220 1583 3291 Pollionis
1606 3233 1673 3289 et
1702 3228 1865 3290 Cas-

289 3310 374 3382 sii
387 3336 502 3384 reo
520 3319 922 3408 Asprenate,
947 3315 1248 3408 aliasque
1270 3311 1620 3408 plurimas.
1642 3313 1863 3418 Quin.

1604 3417 1815 3476 cuam
1838 3454 1863 3494 ,
