2188 3757
352 181 489 246 368
644 239 651 244 .
766 177 943 242 Lm.
994 177 1180 242 xll.
1227 177 1410 242 CAr.
1459 177 1550 240 X.

354 267 429 336 in
492 287 762 357 quoque
822 263 1192 334 laudantur
1213 317 1232 349 ‚
1289 261 1926 333 eminentissimum.

354 363 579 445 Quem
622 370 848 424 tamen
888 368 958 426 et
997 379 1274 424 suorum
1315 354 1628 424 homines
1667 367 1929 446 tempo-

350 475 503 519 rum
554 447 891 517 incessere
938 445 1288 518 audebant
1330 459 1406 515 ut
1449 446 1928 530 tumidiorem,

350 552 421 608 et
450 539 781 608 Asianum
805 591 824 623 ‚
852 551 920 607 et
951 538 1452 608 redundantem
1477 590 1496 623 ‚
1527 551 1595 607 et
1627 537 1702 606 in
1735 562 1931 628 repe-

350 629 717 700 titionibus
752 629 1039 698 nimium
1060 683 1077 713 ‚
1101 642 1168 698 et
1187 631 1255 699 in
1278 628 1536 699 salibus
1555 628 1928 720 aliquando

350 719 681 812 frigidum
706 773 725 804 .,
786 734 855 790 et
906 722 977 790 in
1034 720 1532 808 comlmsitione
1585 720 1874 788 fractum
1905 771 1926 803 ,

350 813 833 896 exsultantem,
860 838 945 882 ‚ac
971 837 1144 904 pene
1185 811 1410 904 (quod
1441 810 1679 904 procul
1705 810 1926 894 absit)

292 938 295 943 ·
352 904 500 974 viro
542 903 945 972 molliorem.
970 909 1214 973 Postea
1239 927 1398 974 vero
1419 955 1438 987 ‚
1464 927 1667 994 quam
1692 901 1932 971 trium-

348 995 547 1066 virali
593 994 1092 1099 proscriptione
1131 1001 1572 1084 consumptus
1603 997 1706 1062 est
1733 1043 1752 1076 ‚
1783 1017 1931 1084 pas-

270 1135 275 1140 ·
350 1086 479 1156 sim
506 1085 965 1177 qul'oderant,
990 1083 1932 1178 qui-invidebant‚quiae1nu-

346 1175 671 1246 labantur
696 1230 715 1259 ,
761 1177 1152 1246 adulatores
1183 1177 1388 1245 etiam
1430 1175 1780 1268 praesentis
1807 1201 1933 1266 po·-

346 1268 616 1352 te‘ntiae‚
654 1293 790 1336 non
824 1293 1310 1360 responsurum
1343 1267 1760 1336 invaserunt.
1785 1265 1928 1334 =Ille

346 1370 597 1440 tamen,
626 1359 744 1446 qui
766 1363 1037 1446 jejunus
1063 1385 1102 1426 a
1177 1357 1536 1428 uibusdam
1565 1371 1766 1448 atque
1789 1356 1934 1426 ari--

349 1449 477 1518 dus
513 1447 927 1538 habebatur,
960 1475 1102 1520 non
1115 1384 1420 1519 aliterab
1441 1447 1604 1538 ipsis
1625 1447 1926 1517 inimicis

348 1539 526 1610 male
557 1539 823 1626 audire,
840 1566 1043 1635 quam
1071 1540 1300 1612 nimiis
1321 1539 1606 1610 floribus
1630 1551 1698 1608 et
1717 1539 1926 1631 inge-

350 1631 450 1701 nii
486 1633 835 1704 affluentia
859 1687 879 1718 ‚
924 1634 1173 1726 potuit.
1203 1630 1479 1702 Falsum
1519 1640 1880 1721 utrumque
1900 1655 1927 1715 ;

242 1763 253 1809 ¹·
344 1721 468 1794 sed
496 1735 720 1793 tamen
756 1725 874 1795 illa
906 1723 1288 1807 mentiendi
1322 1721 1606 1814 propior
1630 1720 1922 1790 occasio·

434 1814 779 1905 Praecipue
814 1839 972 1885 vero
1010 1825 1402 1906 presserunt
1433 1837 1640 1896 eum„
1671 1811 1790 1905 qui
1817 1811 1924 1880 vi-

344 1902 1920 1995 deriAtticorumimitatores(1)concupiebant.

341 2000 508 2065 Haec
548 2020 787 2066 manus
812 2050 831 2082 ‚
872 1996 1065 2103 quasi
1107 1994 1514 2089 quibusdam
1551 1994 1756 2063 sacris
1790 1992 1922 2062 ini-

246 2148 253 2157 ,
340 2086 549 2173 tiata,
596 2100 669 2159 ut
704 2087 1158 2179 alienlgenam
1186 2141 1204 2171 ‚
1239 2100 1310 2156 et
1341 2085 1560 2157 virum
1591 2084 1920 2177 supersti-

338 2176 591 2248 tiosum
617 2232 636 2264 ‚
680 2178 1209 2271 devinctumque
1243 2178 1378 2257 illis
1421 2174 1686 2269 legibus
1719 2176 1916 2244 inse*-

336 2268 698 2360 quebatur.
750 2270 953 2341 Unde
1006 2296 1192 2339 nunc
1241 2292 1513 2362 quoque
1574 2264 1749 2335 aridi
1777 2319 1796 2351 .,
1847 2280 1917 2336 et

298 2424 305 2435 .
337 2361 603 2431 exsucci
628 2414 651 2445 .‚
689 2374 769 2451 *et
800 2387 1172 2454 exsangues
1201 2360 1318 2442 (hi
1345 2370 1506 2429 sunt
1544 2357 1765 2442 enim,
1793 2358 1912 2449 qui

336 2476 469 2521 suae
504 2452 959 2521 imbecillitati
993 2452 1302 2522 sanitatis
1333 2448 1864 2542 appellationem
1889 2500 1910 2533 ‚

330 2568 479 2632 quae
522 2556 623 2611 est
658 2542 943 2613 maxime
988 2542 1330 2613 contraria
1357 2594 1376 2625 .,
1425 2540 1857 2624 obtendant)
1889 2593 1908 2625 ‚

332 2632 498 2723 quia
538 2634 897 2705 clariorem
930 2634 1065 2705 vim
1099 2632 1505 2727 eloquentiae
1527 2684 1546 2715 .,
1583 2630 1772 2701 ‘velut
1804 2656 1912 2699 so-

334 2720 471 2792 lem
498 2775 517 2807 ‚
572 2724 749 2793 serre
800 2752 939 2795 non
997 2739 1328 2818 possunt,
1388 2722 1628 2792 umbra
1677 2722 1908 2813 magni

331 2814 633 2884 nominis
666 2815 1079 2886 delitescunt
1109 2844 1124 2885 :
1159 2814 1406 2908 quibus
1437 2814 1600 2907 quia
1645 2812 1860 2883 multa
1883 2865 1904 2897 ‚

327 2918 396 2974 et
431 2903 746 3010 pluribus
796 2907 961 2977 locis
1012 2908 1252 2977 Cicero
1307 2907 1326 2976 i
1382 2931 1450 2975 se
1499 2903 1854 2997 respondit
1886 2956 1905 2989 ,

321 3006 541 3066 tuum·
558 2996 725 3067 mihi
756 2998 839 3067 de
864 2996 997 3066 hoc
1020 2934 1399 3069 disserengi
1427 2995 1724 3067 brevitas
1750 2994 1904 3064 erit.

411 3092 493 3155 11.
527 3092 615 3157 Et
646 3089 927 3181 antiqua
964 3089 1240 3181 quidem
1289 3090 1406 3159 illa
1439 3087 1686 3158 divisio
1722 3086 1905 3170 inter

318 3177 610 3275 Asianos
645 3192 847 3271 atque
878 3180 1310 3252 Atticos·fuit
1331 3190 1548 3269 3‘cum
1585 3178 1653 3249 hi
1686 3174 1900 3273 pressi

337 3326 341 3333 ·
386 3298 468 3365 (ι)
492 3299 597 3349 Alii
628 3299 834 3369 legunt,
854 3306 1218 3370 concupierant·
