2188 3757
299 179 435 252 252
692 181 876 247 Lus.
939 177 1071 246 XI.
1136 177 1323 247 Car.
1371 181 1427 246 Ι.
1665 229 1703 254 2

297 267 554 378 quibus
591 291 733 338 non
779 267 1000 338 solum
1037 293 1179 338 non
1207 279 1481 338 cantare
1501 320 1520 352 ‚
1550 267 1739 362 quod
1766 269 1897 341 vi-

298 375 475 432 tium
513 359 837 452 pervasit,
882 372 1000 428 aut
1027 359 1375 443 lascivire,
1408 359 1527 428 sed
1568 385 1653 430 ne
1680 387 1892 468 argu-

297 451 590 525 mentari
613 449 892 544 quidem
918 451 1048 521 nisi
1079 450 1330 532 mistis,
1364 462 1433 519 et
1456 449 1731 558 quidem
1760 466 1933 542 ita,-

296 555 376 614 ut
427 543 503 612 in
554 543 700 635 ipsa
746 541 1159 634 probatione
1204 541 1425 632 magis
1470 541 1827 614 emineant.
1868 597 1897 630 ,

303 633 664 704 affectibus
697 633 913 704 decet.
953 641 1130 704 Nam
1160 631 1278 726 qui
1322 633 1773 704 intermittere
1808 635 1890 708 i‘n

300 725 570 818 agendo
623 725 932 794 dolorem
991 736 1218 816 potest
1248 774 1272 810 ‚
1336 723 1607 796 videtur
1678 751 1892 819 posse

303 818 522 888 etiam.
575 816 941 922 deponere.

399 915 467 980 6.
486 914 730 977 Nescio
757 921 982 976 tamen
1014 929 1103 975 an
1126 904 1335 995 hujus
1354 903 1487 991 (de
1507 905 1889 1011 quoloqui-

297 1010 498 1086 mur)
535 997 802 1070 decoris
845 996 1155 1070 custodia
1178 997 1463 1067 maxime
1496 1023 1677 1068 circa
1717 1025 1885 1086 eos,

266 1106 542 1166 -contra
577 1117 752 1183 quos
768 1089 1068 1161 dicimus
1083 1088 1534 1183 examinanda
1555 1088 1667 1158 sit.
1698 1097 1879 1162 Nam

273 1184 454 1254 -sine
483 1183 696 1253 dubio
731 1181 804 1251 in
838 1180 1165 1252 omnibus
1210 1181 1436 1252 statim
1483 1177 1879 1252 accusatio-

299 1275 512 1346 nibus
540 1275 674 1344 hoc
697 1299 734 1342 a
783 1274 1038 1344 endum
1073 1284 1214 1355 est,
1244 1297 1331 1341 ne
1380 1271 1469 1342 ad
1497 1297 1609 1342 eas
1650 1271 1879 1344 liben-

295 1379 410 1436 ter
471 1299 902 1436 descencfisse
949 1362 1323 1433 videamur.
1368 1362 1666 1456 Ideoque
1698 1363 1875 1436 mihi

291 1455 472 1527 illud
507 1454 716 1524 Cassii
777 1453 1010 1524 Severi
1048 1477 1191 1522 non
1230 1453 1667 1524 mediocriter
1716 1457 1877 1525 dis·-

293 1547 549 1641 plicet:
587 1546 717 1616 Dii
771 1545 932 1616 boni
949 1597 968 1631 ,
1001 1549 1143 1617 νίνο
1176 1555 1323 1631 ‚·et‚
1350 1571 1477 1638 quo
1522 1569 1624 1616 me
1658 1553 1881 1620 vivere

188 1644 205 1659 ⁴
278 1644 473 1733 juvet
493 1691 512 1725 ‚
542 1639 975 1729 Asprenatem
1018 1661 1198 1707 reum
1232 1637 1455 1708 video..
1474 1643 1629 1707 Non
1680 1639 1873 1710 enim

291 1735 477 1823 justa
507 1757 590 1800 ex
620 1755 822 1801 causa
845 1729 953 1799 vel
978 1729 1359 1798 necessaria
1388 1727 1607 1798 videri
1642 1743 1869 1821 potest

294 1821 672 1917 postulasse
723 1845 940 1906 eum‚·
976 1817 1097 1890 sed
1154 1817 1446 1911 quadam
1496 1822 1871 1895 accusandi

293 1914 674 2005 voluptate.

382 2011 636 2075 Praeter
663 2002 797 2073 hoc
819 2015 1050 2073 tamen
1076 2056 1097 2089 ,
1122 1999 1309 2096 quod
1340 2014 1441 2073 est
1474 2028 1889 2093 commune‚,

287 2098 638 2189 propriam
684 2094 1228 2166 moderationem
1247 2164 1253 2175 ,
1273 2094 1578 2187 quaedam
1640 2122 1861 2169 causoe

285 2186 700 2262 desiderant.
735 2194 1171 2280 Quapropter
1188 2199 1257 2256 et
1280 2186 1399 2279 qui
1434 2186 1858 2259 curationem

282 2278 628 2351 honorum
693 2278 912 2369 patris
961 2276 1339 2369 postula-hit
1371 2330 1392 2363 ‚
1432 2276 1661 2347 doleat
1708 2284 1865 2368 ejus

226 2392 238 2399 ·
282 2370 816 2463 valletudine3et
857 2368 1232 2461 quamlibet
1272 2368 1504 2459 gravia
1538 2366 1683 2439 filio
1721 2397 1858 2463 pa.-

283 2472 395 2531 ter
422 2461 820 2550 objecturus
840 2512 858 2545 ‚
891 2459 1341 2529 miserrimam
1375 2457 1508 2529 sibi
1540 2462 1859 2533 ostendat

281 2577 356 2622 es
395 2582 427 2621 e
476 2554 655 2623 hanc
717 2551 932 2643 ipsam
978 2550 1451 2621 necessitatem
1479 2578 1499 2618 ε
1530 2573 1659 2645 riec
1716 2552 1850 2625 hoc

281 2644 520 2735 paucis
593 2642 795 2713 modo
856 2640 1086 2713 verbis
1130 2694 1149 2725 ,
1221 2640 1340 2711 sed-
1404 2654 1551 2712 toto
1623 2644 1851 2715 colore

275 2739 561 2814 actionis
585 2786 612 2819 ‚
653 2747 728 2802 ut
753 2730 824 2802 id
841 2758 999 2803 eum.
1017 2759 1159 2803 non
1180 2732 1407 2803 dicere
1440 2733 1644 2803 modo
1676 2788 1699 2822 ‚
1730 2736 1853 2807 sed

280 2824 488 2899 etiam
533 2849 689 2896 vere
737 2823 963 2894 dicere
1005 2837 1355 2916 appareat„
1380 2831 1523 2895 Nec
1552 2833 1652 2911 (1)
1690 2852 1853 2896 cau·-
1906 2852 1912 2858 ·

276 2916 456 2987 santi
484 2914 745 3007 pupillo
780 2913 878 2983 sic
923 2926 1114 2986 tutor
1142 2915 1471 3000 irascatur
1503 2942 1851 3011 unquam,

277 3019 357 3076 ut
442 3031 582 3077 non
670 3017 1066 3074 remaneant
1152 3006 1401 3075 amoris
1486 3008 1769 3100 vestigia
1821 3062 1842 3097 ‚

275 3109 344 3169 et
397 3123 583 3169 sacra
627 3094 934 3189 quaedam
1122 3095 1196 3165 is
1255 3101 1402 3185 eiius
1470 3101 1843 3171 memoria...
1870 3129 1884 3137 ·

355 3194 590 3261 Unum
623 3187 784 3258 huic
811 3186 922 3258 loc
1138 3186 1228 3257 od
1253 3202 1353 3258 est
1375 3216 1535 3261 sane
1568 3217 1845 3265 summae

327 3314 412 3381 (ι)
437 3313 723 3365 Accusanti.
749 3312 806 3371 in
838 3328 1035 3365 causam
1057 3311 1279 3369 vomui.
