<?xml version="1.0" encoding="UTF-8"?>
<!DOCTYPE html PUBLIC "-//W3C//DTD XHTML 1.0 Transitional//EN"
    "http://www.w3.org/TR/xhtml1/DTD/xhtml1-transitional.dtd">
<html xmlns="http://www.w3.org/1999/xhtml" xml:lang="en" lang="en">
 <head>
  <title>
</title>
<meta http-equiv="Content-Type" content="text/html;charset=utf-8" />
  <meta name='ocr-system' content='tesseract 3.04.00' />
  <meta name='ocr-capabilities' content='ocr_page ocr_carea ocr_par ocr_line ocrx_word'/>
</head>
<body>
  <div class='ocr_page' id='page_1' title='image "./mfabiiquintilia22quingoog_0038.png"; bbox 0 0 2188 3757; ppageno 0'>
   <div class='ocr_carea' id='block_1_1' title="bbox 267 257 1990 2525">
    <p class='ocr_par' dir='ltr' id='par_1_1' title="bbox 267 257 1990 2525">
     <span class='ocr_line' id='line_1_1' title="bbox 333 257 1582 328; baseline 0.003 -4"><span class='ocrx_word' id='word_1_1' title='bbox 333 259 419 324; x_wconf 81' lang='lat'>28</span> <span class='ocrx_word' id='word_1_2' title='bbox 876 257 1061 322; x_wconf 73' lang='lat' dir='ltr'>Lm.</span> <span class='ocrx_word' id='word_1_3' title='bbox 1133 257 1356 324; x_wconf 89' lang='lat' dir='ltr'><strong>VIII.</strong></span> <span class='ocrx_word' id='word_1_4' title='bbox 1577 322 1582 328; x_wconf 90' lang='lat'>.</span> 
     </span>
     <span class='ocr_line' id='line_1_2' title="bbox 327 343 1904 438; baseline 0 -24"><span class='ocrx_word' id='word_1_5' title='bbox 327 355 445 414; x_wconf 82' lang='lat' dir='ltr'>tur</span> <span class='ocrx_word' id='word_1_6' title='bbox 492 393 511 424; x_wconf 88' lang='lat'><strong>,</strong></span> <span class='ocrx_word' id='word_1_7' title='bbox 577 351 819 434; x_wconf 82' lang='lat' dir='ltr'><strong>atque,</strong></span> <span class='ocrx_word' id='word_1_8' title='bbox 874 357 950 412; x_wconf 80' lang='lat' dir='ltr'>ut</span> <span class='ocrx_word' id='word_1_9' title='bbox 1020 343 1259 413; x_wconf 83' lang='lat' dir='ltr'><strong>u‘mbra</strong></span> <span class='ocrx_word' id='word_1_10' title='bbox 1320 367 1565 436; x_wconf 77' lang='lat' dir='ltr'>corpus</span> <span class='ocrx_word' id='word_1_11' title='bbox 1612 397 1632 429; x_wconf 78' lang='lat'>‚</span> <span class='ocrx_word' id='word_1_12' title='bbox 1690 347 1904 438; x_wconf 81' lang='lat' dir='ltr'>sequi.</span> 
     </span>
     <span class='ocr_line' id='line_1_3' title="bbox 423 433 1902 528; baseline 0.001 -26"><span class='ocrx_word' id='word_1_13' title='bbox 423 437 687 502; x_wconf 79' lang='lat' dir='ltr'><strong>Tamen</strong></span> <span class='ocrx_word' id='word_1_14' title='bbox 715 433 787 501; x_wconf 87' lang='lat' dir='ltr'>in</span> <span class='ocrx_word' id='word_1_15' title='bbox 814 433 941 507; x_wconf 84' lang='lat' dir='ltr'>hac</span> <span class='ocrx_word' id='word_1_16' title='bbox 964 433 1108 528; x_wconf 84' lang='lat' dir='ltr'>ipsa</span> <span class='ocrx_word' id='word_1_17' title='bbox 1136 461 1295 504; x_wconf 83' lang='lat' dir='ltr'>cura</span> <span class='ocrx_word' id='word_1_18' title='bbox 1317 447 1416 504; x_wconf 76' lang='lat' dir='ltr'>est</span> <span class='ocrx_word' id='word_1_19' title='bbox 1435 434 1694 528; x_wconf 83' lang='lat' dir='ltr'>aliquid</span> <span class='ocrx_word' id='word_1_20' title='bbox 1720 438 1902 505; x_wconf 83' lang='lat' dir='ltr'>satis.</span> 
     </span>
     <span class='ocr_line' id='line_1_4' title="bbox 327 523 1901 617; baseline 0 -23"><span class='ocrx_word' id='word_1_21' title='bbox 327 529 512 614; x_wconf 41' lang='lat' dir='ltr'>Nam,</span> <span class='ocrx_word' id='word_1_22' title='bbox 538 549 693 594; x_wconf 85' lang='lat' dir='ltr'>cum</span> <span class='ocrx_word' id='word_1_23' title='bbox 730 523 947 598; x_wconf 83' lang='lat' dir='ltr'>latina</span> <span class='ocrx_word' id='word_1_24' title='bbox 972 578 991 610; x_wconf 88' lang='lat'>‚</span> <span class='ocrx_word' id='word_1_25' title='bbox 1020 525 1504 617; x_wconf 77' lang='lat' dir='ltr'>&#39;significantia&#39;</span> <span class='ocrx_word' id='word_1_26' title='bbox 1540 577 1558 612; x_wconf 93' lang='lat'><strong>‚</strong></span> <span class='ocrx_word' id='word_1_27' title='bbox 1612 538 1850 597; x_wconf 81' lang='lat' dir='ltr'><strong>ornata</strong></span> <span class='ocrx_word' id='word_1_28' title='bbox 1880 580 1901 613; x_wconf 84' lang='grc'>,</span> 
     </span>
     <span class='ocr_line' id='line_1_5' title="bbox 324 612 1904 710; baseline 0.003 -27"><span class='ocrx_word' id='word_1_29' title='bbox 324 627 480 707; x_wconf 82' lang='lat' dir='ltr'><strong>apte</strong></span> <span class='ocrx_word' id='word_1_30' title='bbox 518 612 655 700; x_wconf 79' lang='lat' dir='ltr'>sint</span> <span class='ocrx_word' id='word_1_31' title='bbox 690 614 1022 686; x_wconf 82' lang='lat' dir='ltr'>collocata</span> <span class='ocrx_word' id='word_1_32' title='bbox 1048 669 1065 700; x_wconf 91' lang='lat'><strong>,</strong></span> <span class='ocrx_word' id='word_1_33' title='bbox 1107 615 1275 710; x_wconf 87' lang='lat' dir='ltr'>quid</span> <span class='ocrx_word' id='word_1_34' title='bbox 1315 615 1606 708; x_wconf 81' lang='lat' dir='ltr'>amplius</span> <span class='ocrx_word' id='word_1_35' title='bbox 1641 615 1904 694; x_wconf 83' lang='lat' dir='ltr'><strong>labore-</strong></span> 
     </span>
     <span class='ocr_line' id='line_1_6' title="bbox 321 702 1902 792; baseline 0.001 -15"><span class='ocrx_word' id='word_1_36' title='bbox 321 730 473 777; x_wconf 83' lang='lat' dir='ltr'>mus</span> <span class='ocrx_word' id='word_1_37' title='bbox 508 702 991 792; x_wconf 74' lang='lat' dir='ltr'>‘t‘Quibusdam</span> <span class='ocrx_word' id='word_1_38' title='bbox 1032 719 1262 778; x_wconf 83' lang='lat' dir='ltr'><strong>tamen</strong></span> <span class='ocrx_word' id='word_1_39' title='bbox 1313 707 1550 776; x_wconf 42' lang='lat' dir='ltr'><strong>nullus*</strong></span> <span class='ocrx_word' id='word_1_40' title='bbox 1595 705 1748 776; x_wconf 85' lang='lat' dir='ltr'>finis</span> <span class='ocrx_word' id='word_1_41' title='bbox 1796 733 1902 778; x_wconf 81' lang='lat' dir='ltr'>ca-</span> 
     </span>
     <span class='ocr_line' id='line_1_7' title="bbox 319 791 1900 890; baseline 0 -25"><span class='ocrx_word' id='word_1_42' title='bbox 319 795 711 866; x_wconf 84' lang='lat' dir='ltr'>lumniandi</span> <span class='ocrx_word' id='word_1_43' title='bbox 756 809 901 882; x_wconf 86' lang='lat' dir='ltr'><strong>est,</strong></span> <span class='ocrx_word' id='word_1_44' title='bbox 946 810 1014 866; x_wconf 85' lang='lat' dir='ltr'>et</span> <span class='ocrx_word' id='word_1_45' title='bbox 1046 822 1201 867; x_wconf 89' lang='lat' dir='ltr'>cum</span> <span class='ocrx_word' id='word_1_46' title='bbox 1235 797 1523 890; x_wconf 87' lang='lat' dir='ltr'>singulis</span> <span class='ocrx_word' id='word_1_47' title='bbox 1559 791 1900 890; x_wconf 70' lang='lat' dir='ltr'><strong>pene&#39;syl-</strong></span> 
     </span>
     <span class='ocr_line' id='line_1_8' title="bbox 320 884 1898 981; baseline 0.002 -26"><span class='ocrx_word' id='word_1_48' title='bbox 320 886 497 956; x_wconf 82' lang='lat' dir='ltr'>labis</span> <span class='ocrx_word' id='word_1_49' title='bbox 518 884 981 958; x_wconf 66' lang='lat' dir='ltr'>commorandi</span> <span class='ocrx_word' id='word_1_50' title='bbox 1011 915 1026 958; x_wconf 73' lang='grc' dir='ltr'>ι</span> <span class='ocrx_word' id='word_1_51' title='bbox 1056 888 1171 981; x_wconf 90' lang='lat' dir='ltr'>qui</span> <span class='ocrx_word' id='word_1_52' title='bbox 1187 888 1436 976; x_wconf 54' lang='lat' dir='ltr'>„etiam</span> <span class='ocrx_word' id='word_1_53' title='bbox 1461 914 1613 957; x_wconf 90' lang='lat' dir='ltr'>cum</span> <span class='ocrx_word' id='word_1_54' title='bbox 1639 889 1898 980; x_wconf 81' lang='lat' dir='ltr'>optima</span> 
     </span>
     <span class='ocr_line' id='line_1_9' title="bbox 318 977 1896 1074; baseline 0 -26"><span class='ocrx_word' id='word_1_55' title='bbox 318 977 460 1049; x_wconf 86' lang='lat' dir='ltr'>sint</span> <span class='ocrx_word' id='word_1_56' title='bbox 510 990 777 1074; x_wconf 72' lang='lat' dir='ltr'>reperta</span> <span class='ocrx_word' id='word_1_57' title='bbox 804 1032 822 1062; x_wconf 81' lang='lat'><strong>‚</strong></span> <span class='ocrx_word' id='word_1_58' title='bbox 863 981 1174 1072; x_wconf 78' lang='lat' dir='ltr'><strong>quaerunt</strong></span> <span class='ocrx_word' id='word_1_59' title='bbox 1217 978 1481 1072; x_wconf 81' lang='lat' dir='ltr'>aliquid</span> <span class='ocrx_word' id='word_1_60' title='bbox 1510 1032 1529 1063; x_wconf 86' lang='lat'>‚</span> <span class='ocrx_word' id='word_1_61' title='bbox 1580 979 1764 1074; x_wconf 88' lang='lat' dir='ltr'>quod</span> <span class='ocrx_word' id='word_1_62' title='bbox 1805 979 1896 1048; x_wconf 85' lang='lat' dir='ltr'>sit</span> 
     </span>
     <span class='ocr_line' id='line_1_10' title="bbox 316 1069 1889 1162; baseline 0 -24"><span class='ocrx_word' id='word_1_63' title='bbox 316 1070 531 1162; x_wconf 81' lang='lat' dir='ltr'>magis</span> <span class='ocrx_word' id='word_1_64' title='bbox 566 1069 923 1162; x_wconf 81' lang='lat' dir='ltr'>antiquum</span> <span class='ocrx_word' id='word_1_65' title='bbox 950 1124 972 1155; x_wconf 85' lang='lat'>‚.</span> <span class='ocrx_word' id='word_1_66' title='bbox 1002 1083 1338 1146; x_wconf 85' lang='lat' dir='ltr'><strong>remotum</strong></span> <span class='ocrx_word' id='word_1_67' title='bbox 1363 1122 1383 1156; x_wconf 86' lang='lat'>‚</span> <span class='ocrx_word' id='word_1_68' title='bbox 1420 1071 1889 1161; x_wconf 78' lang='lat' dir='ltr'>inopinatum:</span> 
     </span>
     <span class='ocr_line' id='line_1_11' title="bbox 316 1159 1893 1252; baseline 0 -22"><span class='ocrx_word' id='word_1_69' title='bbox 316 1185 447 1230; x_wconf 85' lang='lat' dir='ltr'>nec</span> <span class='ocrx_word' id='word_1_70' title='bbox 473 1159 905 1252; x_wconf 81' lang='lat' dir='ltr'>intelligunt,</span> <span class='ocrx_word' id='word_1_71' title='bbox 957 1167 1057 1246; x_wconf 88' lang='lat'>(1)</span> <span class='ocrx_word' id='word_1_72' title='bbox 1112 1167 1334 1251; x_wconf 77' lang='lat' dir='ltr'><strong>jacere</strong></span> <span class='ocrx_word' id='word_1_73' title='bbox 1361 1187 1595 1230; x_wconf 81' lang='lat' dir='ltr'><strong>sensus</strong></span> <span class='ocrx_word' id='word_1_74' title='bbox 1624 1161 1694 1232; x_wconf 88' lang='lat' dir='ltr'>in</span> <span class='ocrx_word' id='word_1_75' title='bbox 1724 1187 1893 1230; x_wconf 83' lang='lat' dir='ltr'>ora-</span> 
     </span>
     <span class='ocr_line' id='line_1_12' title="bbox 316 1248 1888 1342; baseline 0.001 -23"><span class='ocrx_word' id='word_1_76' title='bbox 316 1248 545 1335; x_wconf 75' lang='lat' dir='ltr'>tione,</span> <span class='ocrx_word' id='word_1_77' title='bbox 600 1250 674 1319; x_wconf 90' lang='lat' dir='ltr'>in</span> <span class='ocrx_word' id='word_1_78' title='bbox 706 1276 841 1342; x_wconf 86' lang='lat' dir='ltr'>qua</span> <span class='ocrx_word' id='word_1_79' title='bbox 879 1249 1085 1321; x_wconf 68' lang='lat' dir='ltr'>verba</span> <span class='ocrx_word' id='word_1_80' title='bbox 1134 1252 1524 1324; x_wconf 82' lang='lat' dir='ltr'><strong>laudantur.</strong></span> <span class='ocrx_word' id='word_1_81' title='bbox 1881 1297 1888 1304; x_wconf 78' lang='lat'><strong>·</strong></span> 
     </span>
     <span class='ocr_line' id='line_1_13' title="bbox 404 1339 1990 1444; baseline 0.001 -33"><span class='ocrx_word' id='word_1_82' title='bbox 404 1340 509 1412; x_wconf 82' lang='lat' dir='ltr'>Sit</span> <span class='ocrx_word' id='word_1_83' title='bbox 534 1340 749 1444; x_wconf 71' lang='lat' dir='ltr'>igitur</span> <span class='ocrx_word' id='word_1_84' title='bbox 768 1365 929 1409; x_wconf 84' lang='lat' dir='ltr'><strong>cura</strong></span> <span class='ocrx_word' id='word_1_85' title='bbox 947 1339 1332 1411; x_wconf 76' lang='lat' dir='ltr'><em>elocutionis</em></span> <span class='ocrx_word' id='word_1_86' title='bbox 1347 1367 1551 1434; x_wconf 78' lang='lat' dir='ltr'>quam</span> <span class='ocrx_word' id='word_1_87' title='bbox 1573 1341 1888 1428; x_wconf 79' lang='lat' dir='ltr'>maxima,</span> <span class='ocrx_word' id='word_1_88' title='bbox 1981 1343 1990 1350; x_wconf 83' lang='lat'>&#39;</span> 
     </span>
     <span class='ocr_line' id='line_1_14' title="bbox 267 1430 1888 1515; baseline 0.001 -13"><span class='ocrx_word' id='word_1_89' title='bbox 267 1445 272 1448; x_wconf 80' lang='grc'><em>“</em></span> <span class='ocrx_word' id='word_1_90' title='bbox 304 1430 478 1502; x_wconf 72' lang='lat' dir='ltr'><strong>&#39;dum</strong></span> <span class='ocrx_word' id='word_1_91' title='bbox 496 1455 783 1504; x_wconf 73' lang='lat' dir='ltr'>sciamus</span> <span class='ocrx_word' id='word_1_92' title='bbox 814 1442 1072 1515; x_wconf 81' lang='lat' dir='ltr'><strong>tamen,</strong></span> <span class='ocrx_word' id='word_1_93' title='bbox 1100 1431 1275 1501; x_wconf 84' lang='lat' dir='ltr'>nihil</span> <span class='ocrx_word' id='word_1_94' title='bbox 1301 1431 1663 1502; x_wconf 83' lang='lat' dir='ltr'>verborum</span> <span class='ocrx_word' id='word_1_95' title='bbox 1685 1459 1888 1504; x_wconf 87' lang='lat' dir='ltr'>causa</span> 
     </span>
     <span class='ocr_line' id='line_1_15' title="bbox 313 1520 1885 1615; baseline 0.003 -23"><span class='ocrx_word' id='word_1_96' title='bbox 313 1547 477 1594; x_wconf 86' lang='lat' dir='ltr'><strong>esse·</strong></span> <span class='ocrx_word' id='word_1_97' title='bbox 510 1520 899 1601; x_wconf 71' lang='lat' dir='ltr'>faciendum</span> <span class='ocrx_word' id='word_1_98' title='bbox 935 1573 956 1608; x_wconf 82' lang='lat'>,</span> <span class='ocrx_word' id='word_1_99' title='bbox 1010 1523 1164 1602; x_wconf 84' lang='lat' dir='ltr'>cum</span> <span class='ocrx_word' id='word_1_100' title='bbox 1215 1520 1421 1594; x_wconf 83' lang='lat' dir='ltr'>verba</span> <span class='ocrx_word' id='word_1_101' title='bbox 1447 1523 1612 1615; x_wconf 78' lang='lat' dir='ltr'>&#39;ipsa</span> <span class='ocrx_word' id='word_1_102' title='bbox 1655 1547 1885 1596; x_wconf 85' lang='lat' dir='ltr'><strong>rerum</strong></span> 
     </span>
     <span class='ocr_line' id='line_1_16' title="bbox 308 1613 1886 1707; baseline 0.001 -25"><span class='ocrx_word' id='word_1_103' title='bbox 308 1613 529 1706; x_wconf 78' lang='lat' dir='ltr'>gratia</span> <span class='ocrx_word' id='word_1_104' title='bbox 560 1613 699 1683; x_wconf 82' lang='lat' dir='ltr'>sint</span> <span class='ocrx_word' id='word_1_105' title='bbox 730 1626 1031 1706; x_wconf 65' lang='lat' dir='ltr'>reperta:</span> <span class='ocrx_word' id='word_1_106' title='bbox 1065 1639 1357 1707; x_wconf 88' lang='lat' dir='ltr'>quorum</span> <span class='ocrx_word' id='word_1_107' title='bbox 1390 1639 1468 1682; x_wconf 84' lang='lat' dir='ltr'>ea</span> <span class='ocrx_word' id='word_1_108' title='bbox 1492 1627 1650 1687; x_wconf 86' lang='lat' dir='ltr'><strong>sunt</strong></span> <span class='ocrx_word' id='word_1_109' title='bbox 1682 1615 1886 1685; x_wconf 83' lang='lat' dir='ltr'>maxi·</span> 
     </span>
     <span class='ocr_line' id='line_1_17' title="bbox 306 1704 1881 1798; baseline 0.001 -24"><span class='ocrx_word' id='word_1_110' title='bbox 306 1731 415 1774; x_wconf 87' lang='lat' dir='ltr'>me</span> <span class='ocrx_word' id='word_1_111' title='bbox 450 1704 836 1796; x_wconf 78' lang='lat' dir='ltr'>probabilia</span> <span class='ocrx_word' id='word_1_112' title='bbox 863 1757 883 1789; x_wconf 74' lang='grc'><em>,</em></span> <span class='ocrx_word' id='word_1_113' title='bbox 930 1730 1077 1798; x_wconf 86' lang='lat' dir='ltr'>quae</span> <span class='ocrx_word' id='word_1_114' title='bbox 1114 1731 1385 1774; x_wconf 84' lang='lat' dir='ltr'>sensum</span> <span class='ocrx_word' id='word_1_115' title='bbox 1418 1704 1626 1773; x_wconf 84' lang='lat' dir='ltr'>animi</span> <span class='ocrx_word' id='word_1_116' title='bbox 1663 1707 1881 1776; x_wconf 77' lang='lat' dir='ltr'>nostri</span> 
     </span>
     <span class='ocr_line' id='line_1_18' title="bbox 306 1794 1884 1890; baseline -0.001 -25"><span class='ocrx_word' id='word_1_117' title='bbox 306 1795 563 1890; x_wconf 81' lang='lat' dir='ltr'>optime</span> <span class='ocrx_word' id='word_1_118' title='bbox 618 1807 993 1888; x_wconf 83' lang='lat' dir='ltr'><strong>promunt,</strong></span> <span class='ocrx_word' id='word_1_119' title='bbox 1041 1807 1243 1889; x_wconf 77' lang='lat' dir='ltr'><strong>atque</strong></span> <span class='ocrx_word' id='word_1_120' title='bbox 1287 1797 1358 1864; x_wconf 89' lang='lat' dir='ltr'>in</span> <span class='ocrx_word' id='word_1_121' title='bbox 1413 1794 1657 1868; x_wconf 82' lang='lat' dir='ltr'>animis</span> <span class='ocrx_word' id='word_1_122' title='bbox 1697 1795 1884 1885; x_wconf 82' lang='lat' dir='ltr'>judi-</span> 
     </span>
     <span class='ocr_line' id='line_1_19' title="bbox 307 1886 1881 1979; baseline -0.001 -21"><span class='ocrx_word' id='word_1_123' title='bbox 307 1914 463 1958; x_wconf 86' lang='lat' dir='ltr'>cum</span> <span class='ocrx_word' id='word_1_124' title='bbox 487 1939 507 1970; x_wconf 83' lang='lat'>‚</span> <span class='ocrx_word' id='word_1_125' title='bbox 532 1887 719 1979; x_wconf 88' lang='lat' dir='ltr'>quod</span> <span class='ocrx_word' id='word_1_126' title='bbox 745 1886 1057 1957; x_wconf 86' lang='lat' dir='ltr'>volumus</span> <span class='ocrx_word' id='word_1_127' title='bbox 1083 1940 1103 1969; x_wconf 90' lang='lat'>‚</span> <span class='ocrx_word' id='word_1_128' title='bbox 1143 1887 1473 1957; x_wconf 82' lang='lat' dir='ltr'>efficiunt.</span> <span class='ocrx_word' id='word_1_129' title='bbox 1496 1892 1595 1963; x_wconf 76' lang='lat' dir='ltr'>Ea</span> <span class='ocrx_word' id='word_1_130' title='bbox 1626 1886 1881 1957; x_wconf 86' lang='lat' dir='ltr'><strong>debent</strong></span> 
     </span>
     <span class='ocr_line' id='line_1_20' title="bbox 304 1975 1879 2071; baseline 0 -24"><span class='ocrx_word' id='word_1_131' title='bbox 304 1990 622 2071; x_wconf 82' lang='lat' dir='ltr'><strong>praestare</strong></span> <span class='ocrx_word' id='word_1_132' title='bbox 674 1977 820 2047; x_wconf 85' lang='lat' dir='ltr'>sine</span> <span class='ocrx_word' id='word_1_133' title='bbox 872 1975 1085 2048; x_wconf 86' lang='lat' dir='ltr'>dubio</span> <span class='ocrx_word' id='word_1_134' title='bbox 1141 1990 1210 2047; x_wconf 86' lang='lat' dir='ltr'>et</span> <span class='ocrx_word' id='word_1_135' title='bbox 1251 1977 1718 2049; x_wconf 79' lang='lat' dir='ltr'>admirabilem</span> <span class='ocrx_word' id='word_1_136' title='bbox 1752 2031 1770 2061; x_wconf 86' lang='lat'>‚</span> <span class='ocrx_word' id='word_1_137' title='bbox 1809 1990 1879 2048; x_wconf 81' lang='lat' dir='ltr'>et</span> 
     </span>
     <span class='ocr_line' id='line_1_21' title="bbox 298 2067 1876 2161; baseline -0.001 -21"><span class='ocrx_word' id='word_1_138' title='bbox 298 2068 673 2161; x_wconf 84' lang='lat' dir='ltr'><strong>jucundam</strong></span> <span class='ocrx_word' id='word_1_139' title='bbox 698 2068 1100 2145; x_wconf 80' lang='lat' dir='ltr'>orationem.</span> <span class='ocrx_word' id='word_1_140' title='bbox 1123 2075 1381 2138; x_wconf 86' lang='lat' dir='ltr'>Verum</span> <span class='ocrx_word' id='word_1_141' title='bbox 1404 2067 1876 2139; x_wconf 83' lang='lat' dir='ltr'>admirabilem</span> 
     </span>
     <span class='ocr_line' id='line_1_22' title="bbox 300 2158 1875 2252; baseline 0 -23"><span class='ocrx_word' id='word_1_142' title='bbox 300 2186 445 2229; x_wconf 86' lang='lat' dir='ltr'>non</span> <span class='ocrx_word' id='word_1_143' title='bbox 481 2160 577 2229; x_wconf 85' lang='lat' dir='ltr'>sic</span> <span class='ocrx_word' id='word_1_144' title='bbox 603 2214 633 2243; x_wconf 81' lang='grc'>,,</span> <span class='ocrx_word' id='word_1_145' title='bbox 666 2160 1008 2251; x_wconf 88' lang='lat' dir='ltr'>quomodo</span> <span class='ocrx_word' id='word_1_146' title='bbox 1042 2158 1356 2252; x_wconf 74' lang='lat' dir='ltr'>prodigia</span> <span class='ocrx_word' id='word_1_147' title='bbox 1393 2158 1766 2243; x_wconf 81' lang='lat' dir='ltr'>miramur3</span> <span class='ocrx_word' id='word_1_148' title='bbox 1805 2173 1875 2229; x_wconf 82' lang='lat' dir='ltr'>et</span> 
     </span>
     <span class='ocr_line' id='line_1_23' title="bbox 298 2248 1873 2341; baseline -0.001 -21"><span class='ocrx_word' id='word_1_149' title='bbox 298 2249 674 2341; x_wconf 82' lang='lat' dir='ltr'><strong>jucundam</strong></span> <span class='ocrx_word' id='word_1_150' title='bbox 706 2251 1282 2335; x_wconf 81' lang='lat' dir='ltr'>orationem‚non</span> <span class='ocrx_word' id='word_1_151' title='bbox 1317 2248 1604 2319; x_wconf 88' lang='lat' dir='ltr'>deformi</span> <span class='ocrx_word' id='word_1_152' title='bbox 1638 2249 1873 2341; x_wconf 84' lang='lat' dir='ltr'><strong>volup-</strong></span> 
     </span>
     <span class='ocr_line' id='line_1_24' title="bbox 298 2338 1871 2437; baseline 0 -26"><span class='ocrx_word' id='word_1_153' title='bbox 298 2338 439 2437; x_wconf 64' lang='lat' dir='ltr'>tate</span> <span class='ocrx_word' id='word_1_154' title='bbox 465 2393 485 2424; x_wconf 89' lang='lat'>‚</span> <span class='ocrx_word' id='word_1_155' title='bbox 534 2338 656 2411; x_wconf 84' lang='lat' dir='ltr'>sed</span> <span class='ocrx_word' id='word_1_156' title='bbox 691 2366 845 2411; x_wconf 89' lang='lat' dir='ltr'>cum</span> <span class='ocrx_word' id='word_1_157' title='bbox 878 2340 1080 2415; x_wconf 85' lang='lat' dir='ltr'>laude</span> <span class='ocrx_word' id='word_1_158' title='bbox 1123 2340 1210 2424; x_wconf 67' lang='lat' dir='ltr'>ad</span> <span class='ocrx_word' id='word_1_159' title='bbox 1247 2338 1652 2432; x_wconf 83' lang='lat' dir='ltr'>dignitatem</span> <span class='ocrx_word' id='word_1_160' title='bbox 1691 2364 1871 2411; x_wconf 88' lang='lat' dir='ltr'>con-</span> 
     </span>
     <span class='ocr_line' id='line_1_25' title="bbox 297 2430 1794 2525; baseline 0 -23"><span class='ocrx_word' id='word_1_161' title='bbox 297 2438 557 2525; x_wconf 79' lang='lat' dir='ltr'><strong>juncta.</strong></span> <span class='ocrx_word' id='word_1_162' title='bbox 1471 2452 1478 2457; x_wconf 81' lang='grc'><em>’</em></span> <span class='ocrx_word' id='word_1_163' title='bbox 1689 2450 1692 2453; x_wconf 81' lang='grc'><strong>’</strong></span> <span class='ocrx_word' id='word_1_164' title='bbox 1779 2430 1794 2445; x_wconf 83' lang='grc'><strong>’</strong></span> 
     </span>
    </p>
   </div>
   <div class='ocr_carea' id='block_1_2' title="bbox 289 2608 1917 2763">
    <p class='ocr_par' dir='ltr' id='par_1_2' title="bbox 289 2608 1917 2763">
     <span class='ocr_line' id='line_1_26' title="bbox 357 2608 1917 2699; baseline 0.001 -18"><span class='ocrx_word' id='word_1_165' title='bbox 357 2632 443 2699; x_wconf 82' lang='grc' dir='ltr'>(ι)</span> <span class='ocrx_word' id='word_1_166' title='bbox 466 2630 690 2693; x_wconf 63' lang='grc' dir='ltr'>Ηιιηιὶῑες</span> <span class='ocrx_word' id='word_1_167' title='bbox 716 2629 877 2682; x_wconf 78' lang='lat' dir='ltr'>videri</span> <span class='ocrx_word' id='word_1_168' title='bbox 904 2608 1194 2690; x_wconf 51' lang='lat' dir='ltr'>sententias]</span> <span class='ocrx_word' id='word_1_169' title='bbox 1227 2608 1513 2695; x_wconf 73' lang='lat' dir='ltr'>nulliusqtie¹</span> <span class='ocrx_word' id='word_1_170' title='bbox 1527 2627 1673 2695; x_wconf 79' lang='lat' dir='ltr'>pretii</span> <span class='ocrx_word' id='word_1_171' title='bbox 1689 2628 1863 2684; x_wconf 71' lang='lat' dir='ltr'>habeti</span> <span class='ocrx_word' id='word_1_172' title='bbox 1913 2690 1917 2693; x_wconf 6' lang='grc' dir='ltr'>ζ</span> 
     </span>
     <span class='ocr_line' id='line_1_27' title="bbox 289 2693 1566 2763; baseline -0.002 -15"><span class='ocrx_word' id='word_1_173' title='bbox 289 2696 348 2758; x_wconf 60' lang='lat' dir='ltr'>in</span> <span class='ocrx_word' id='word_1_174' title='bbox 370 2715 426 2749; x_wconf 82' lang='lat' dir='ltr'>ea</span> <span class='ocrx_word' id='word_1_175' title='bbox 442 2698 659 2749; x_wconf 78' lang='lat' dir='ltr'>oratione</span> <span class='ocrx_word' id='word_1_176' title='bbox 672 2732 689 2759; x_wconf 84' lang='lat'><em>‚</em></span> <span class='ocrx_word' id='word_1_177' title='bbox 714 2696 770 2753; x_wconf 80' lang='lat' dir='ltr'>iu</span> <span class='ocrx_word' id='word_1_178' title='bbox 794 2713 892 2763; x_wconf 81' lang='lat' dir='ltr'>qua</span> <span class='ocrx_word' id='word_1_179' title='bbox 914 2697 1062 2757; x_wconf 59' lang='lat' dir='ltr'>verkin</span> <span class='ocrx_word' id='word_1_180' title='bbox 1077 2707 1270 2749; x_wconf 68' lang='lat' dir='ltr'><strong>tantum</strong></span> <span class='ocrx_word' id='word_1_181' title='bbox 1292 2693 1566 2750; x_wconf 60' lang='lat' dir='ltr'><strong>laudamus.</strong></span> 
     </span>
    </p>
   </div>
  </div>
 </body>
</html>
