2188 3757
392 274 520 358 234
772 275 946 340 Ltn.
993 272 1064 338 X
1118 275 1313 340 ΕΜ».
1378 275 1554 338 vll.

393 363 526 433 Sed
580 359 894 432 feruntur
934 361 1227 432 aliorum
1258 387 1566 455 quoque,
1603 373 1669 430 et
1694 353 2001 439 inventi.

392 455 570 524 sorte
604 503 624 538 ‚
678 466 754 523 ut
813 479 928 523 eos
955 451 1288 523 'dicturus
1336 453 1623 546 quisque
1672 477 1967 543 compo-

395 557 660 628 suerat,
697 557 764 614 et
799 544 869 614 in
902 544 1113 614 libros
1145 543 1438 637 digesti3
1475 556 1967 628 maturarum,

391 663 540 732 quae
589 647 747 706 sunt
794 648 954 706 actae
1001 661 1038 706 a
1080 637 1319 706 Servio
1370 635 1715 742 sulpitio,
1768 638 1967 721 cujus

393 740 532 797 tres
573 727 924 798 orationes
955 739 1240 796 exstant.
1281 726 1415 797 Sed
1446 726 1515 796 hi
1537 776 1557 811 ‚
1589 725 1674 795 de
1716 724 1971 818 quibus

393 819 640 913 loquor
666 870 684 903 ‚
725 819 1195 889 commentarii
1239 819 1333 888 ita
1366 830 1529 888 sunt
1568 815 1781 887 exacti
1818 867 1837 899 ‚
1890 827 1972 885 ut

393 911 480 980 ab
539 911 684 1002 ipso
737 910 904 981 mihi
967 910 1040 979 in
1096 910 1491 980 memoriam
1548 908 1971 1001 posteritatis

395 1001 760 1071 videantur
809 1027 952 1072 esse
989 1003 1370 1094 compositi.
1398 1008 1569 1072 Nam
1614 999 1969 1070 Ciceronis

393 1093 479 1164 ad
523 1101 816 1186 praesens
849 1092 1050 1163 modo
1084 1107 1350 1187 tempus
1384 1106 1647 1187 aptatos
1681 1089 1969 1161 libertus

392 1191 584 1278 Tyro
625 1185 962 1256 contraxit
1006 1213 1022 1255 ε
1066 1211 1236 1279 quos
1274 1211 1413 1255 non
1464 1183 1621 1254 ideo
1669 1207 1915 1252 excuso
1946 1233 1971 1268 2

393 1278 554 1370 quia
587 1303 727 1346 non
763 1276 1046 1370 probem
1073 1331 1092 1364 ‚
1139 1276 1257 1348 sed
1292 1289 1370 1346 ut
1416 1276 1551 1346 sint
1584 1274 1796 1367 magis
1832 1274 1971 1344 ad·-

395 1367 761 1450 mirabiles,

483 1464 562 1528 In
631 1458 764 1527 hoc
825 1481 1074 1550 genere
1136 1481 1413 1550 prorsus
1468 1458 1731 1550 recipio
1786 1457 1969 1529 hanc

391 1549 665 1644 brevem
717 1549 1234 1620 annotationem
1258 1559 1307 1634 ‚‘
1342 1549 1745 1643 iibeliosque
1771 1601 1791 1634 .,
1847 1547 1971 1656 qui

391 1642 498 1713 vel
546 1667 753 1712 manu
797 1654 1202 1726 teneantur,
1244 1653 1312 1711 et
1346 1641 1433 1711 ad
1474 1661 1644 1734 quos
1687 1641 1969 1711 interim

394 1734 732 1840 respicere
777 1734 876 1802 fas
908 1733 1016 1803 sit.
1052 1732 1229 1802 Illud
1252 1785 1271 1818 ‚
1304 1733 1490 1826 quod
1527 1739 1765 1802 Laenas
1800 1757 1972 1824 prae-

393 1825 606 1919 cipit,
656 1823 972 1918 displicet
1015 1824 1219 1910 mihi,
1272 1847 1417 1917 quoe
1454 1823 1921 1917 scripserimus
1947 1876 1970 1911 ‚

396 1917 466 1988 in
511 1940 804 1985 summas
831 1968 850 1999 ‚
881 1916 1020 1985 sive
1055 1916 1581 1985 commentarios
1614 1928 1682 1984 et
1704 1916 1973 2008 capita,

395 2007 704 2079 conferre
743 2030 766 2089 ;
817 2005 978 2075 facit
1023 2006 1209 2075 enim
1252 2005 1677 2075 et·discendi
1735 2006 1977 2099 negli-

441 2099 692 2167 entiam
741 2098 885 2167 haec
927 2096 1071 2190 ipsa
1119 2094 1416 2181 fiducia,
1468 2110 1535 2165 et
1589 2096 1838 2166 lacerat
1891 2122 1977 2168 ac

322 2232 330 2239 -
391 2124 730 2259 Seformat
777 2190 1180 2262 orationem.
1218 2195 1365 2280 Ego
1414 2202 1641 2258 autem
1680 2212 1767 2256 ne
1804 2188 1975 2257 scri-

389 2280 692 2350 bendum
742 2280 1017 2372 quidem
1055 2292 1269 2385 puto,
1328 2278 1514 2372 quod
1572 2280 1780 2348 simus
1814 2301 1977 2349 me-
2080 2342 2087 2349 .

391 2370 610 2441 moria
654 2383 1106 2462 prosecuturi.
1156 2378 1329 2443 Nam
1386 2370 1499 2441 hic
1558 2394 1829 2463 quoque
1856 2396 1971 2441 ac-

391 2462 607 2545 cidit,
659 2473 736 2531 ut
783 2473 1055 2532 revocet
1122 2488 1247 2533 nos
1310 2463 1638 2556 cogitatio·
1702 2462 1790 2531 ad
1848 2460 1973 2533 ina

389 2553 778 2636 elaborata,
812 2572 939 2623 nec
979 2552 1159 2624 sinat
1184 2566 1583 2649 praesentem
1624 2554 1976 2625 tortunam

391 2646 708 2737 experiri.
744 2644 855 2715 Sic
903 2670 1153 2739 anceps
1204 2646 1385 2716 inter
1425 2658 1787 2751 utrumque
1820 2645 1979 2715 ani-

373 2760 542 2805 -mus
572 2746 850 2820 aestuat‚
893 2762 1046 2807 cum
1075 2751 1158 2819 „et
1210 2737 1459 2830 scripta
1504 2736 1851 2830 perdidit,
1902 2750 1978 2808 et

389 2850 533 2896 non
581 2826 822 2919 quaerit
857 2852 1056 2897 nova.
1100 2829 1234 2899 Sed
1269 2828 1353 2898 de
1388 2829 1715 2899 memoria
1760 2828 1979 2897 desti-

389 2929 592 2987 natus
627 2928 725 2985 est
777 2915 954 3001 libro
997 2918 1309 3011 proximo
1352 2920 1581 3005 locus,
1631 2944 1756 2989 nec
1802 2918 2008 2991 huic.

387 3008 564 3101 parti
616 3006 1136 3101 subjungendus
1163 3064 1183 3099 ,
1216 3011 1379 3106 quia
1413 3024 1572 3085 sunt
1605 3010 1739 3084 alia
1774 3011 1975 3107 prius

389 3098 589 3171 nobis
621 3094 936 3173 dicenda.

995 3300 1373 3325 m-
