2188 3757
566 233 697 300 DE
746 247 1076 299 annunti
1125 249 1518 298 monum.
1707 227 1844 296 365

254 335 329 392 et
369 319 613 392 ariif'ex
647 351 660 389 :
702 321 1069 414 plurimum
1115 332 1343 387 tamen
1381 317 1673 387 invicem
1717 316 1847 386 dif-

254 415 491 482 ferunt
531 440 552 498 3
615 437 744 482 nec
799 412 1019 482 solum
1085 409 1310 503 specie
1343 463 1362 493 ,
1427 422 1506 479 ut
1566 409 1842 501 signum

255 505 454 596 signo
484 557 503 588 ‚
534 517 601 573 et
644 503 879 573 tabula
912 502 1148 572 tabula
1173 555 1190 588 ,
1225 515 1292 570 et
1317 499 1588 570 actione
1623 500 1839 585 acti03

256 594 377 664 sed
428 620 677 687 genere
731 595 922 699 ipso,
979 607 1054 662 ut
1103 619 1140 662 a
1187 592 1838 686 graecis·tusoanicae

253 698 491 756 statuae
517 739 536 771 ‚
572 699 640 756 et
671 691 967 754 Asianus
998 685 1328 778 eloquens
1358 683 1613 752 Attico.

344 783 517 846 Suos
565 789 789 846 autem
838 775 981 846 haec
1028 801 1312 869 operum
1349 799 1598 866 genera
1625 825 1642 858 ,
1687 799 1834 868 quae

250 866 411 937 dico
439 921 458 950 ‚
514 880 591 937 ut
645 881 955 937 auctores
982 919 1001 952 ‚
1068 869 1167 936 sic
1227 867 1432 935 etiam
1497 877 1832 946 amatores

248 955 510 1027 habent
542 988 557 1028 z
601 972 803 1051 atque
835 959 991 1029 ideo
1027 959 1338 1027 nondum
1365 969 1464 1026 est
1491 956 1832 1050 perfectus

248 1061 481 1118 orator
510 1078 525 1118 τ
558 1076 637 1119 ac
667 1051 898 1120 nescio
934 1075 1019 1118 an
1053 1074 1160 1118 ars
1195 1048 1380 1132 ulla3
1428 1074 1567 1118 non
1611 1047 1833 1118 solum

247 1141 411 1232 quia
436 1141 623 1210 aliud
661 1143 730 1210 in
763 1141 901 1211 alio
935 1142 1150 1232 magis
1175 1140 1462 1225 eminet,
1489 1139 1607 1209 sed
1640 1139 1828 1231 quod

246 1241 391 1300 non
427 1257 561 1300 una
594 1231 911 1302 omnibus
956 1232 1172 1300 forma
1213 1231 1472 1326 placuit
1505 1283 1522 1314 ‚
1580 1231 1828 1322 partim

247 1322 647 1394 conditione
699 1324 805 1393 vel
860 1335 1256 1414 temporum·
1305 1322 1411 1393 vel
1467 1321 1826 1407 locorum,

243 1414 495 1506 partim
526 1415 787 1500 judicio
824 1419 1154 1506 cujusque
1201 1428 1404 1509 atque
1447 1413 1823 1514 proposito.

336 1505 574 1589 Primi,
597 1512 995 1597 (1)quorum
1025 1505 1302 1598 quidem
1315 1529 1522 1597 opera
1544 1529 1684 1574 non
1711 1529 1826 1572 ve-
1867 1515 1878 1522 ”

239 1597 514 1666 tustatis
561 1595 765 1664 modo
814 1596 1031 1685 gratia
1077 1595 1360 1665 visenda
1408 1607 1603 1680 sunt,
1653 1594 1822 1664 clari

241 1686 539 1778 pictores
574 1685 779 1756 fuisse
805 1685 1134 1755 dicuntur
1162 1685 1286 1756 Pol
1337 1697 1586 1789 gnotus
1617 1699 1822 1777 atque

236 1777 697 1870 Aglaophon,
755 1802 1049 1870 quorum
1102 1778 1282 1870 simp
1303 1803 1384 1848 ex
1435 1776 1626 1846 color
1681 1789 1819 1846 tam

232 1871 346 1937 ‘sui
390 1869 731 1939 studiosos
778 1868 1005 1939 adhuc
1044 1867 1289 1955 habet,
1334 1883 1408 1939 ut
1445 1868 1562 1939 ilia
1605 1894 1818 1961 prope

235 1958 440 2029 rudia
472 2014 493 2044 ‚
532 1986 614 2030 ac
654 1960 841 2031 velut
870 1962 1116 2031 suturae
1141 1988 1294 2031 mox
1325 1962 1490 2030 artis
1525 1962 1820 2052 primor-

236 2049 395 2134 dia,
440 2051 785 2135 maximis,
840 2051 956 2144 qui
1014 2065 1172 2143 post
1219 2076 1336 2121 eos
1387 2052 1810 2133 extiterunt,

236 2141 635 2212 auctoribus
669 2141 1121 2234 praeferantur
1142 2194 1161 2225 ‚
1199 2142 1481 2234 proprio
1515 2141 1812 2235 quodam

233 2230 671 2325 intelligendi
708 2239 832 2316 (ut
864 2258 1013 2301 mea
1044 2232 1179 2301 sert
1212 2232 1496 2325 opinio)
1527 2230 1812 2301 ambitu.

244 2408 253 2413 ,
328 2329 490 2407 Post
513 2325 763 2394 Zeuxis
786 2337 989 2417 atque
1016 2323 1419 2395 Parrhasius
1438 2378 1457 2411 ‚
1484 2348 1626 2392 non
1648 2324 1820 2392 mul-

230 2426 381 2482 tum
422 2427 615 2486 aetate
659 2414 990 2485 distantes
1037 2416 1276 2499 (circa
1308 2414 1810 2508 Peloponnesia

232 2504 435 2574 ambo
461 2518 764 2599 tempora
791 2531 812 2591 3
840 2532 994 2575 nam
1021 2533 1176 2577 cum
1200 2507 1561 2576 Parrhasio
1589 2531 1809 2574 sermo
1907 2576 1910 2592 ‚

230 2597 530 2666 Socratis
586 2596 770 2691 apud
821 2597 1355 2689 Xenophontem
1399 2596 1808 2683 invenitur)

284 2687 605 2757 lu'rimum
640 2688 770 2757 arti
806 2688 1244 2759 addiderunt.
1278 2694 1590 2777 Quorum
1617 2688 1810 2782 prior

227 2712 571 2849 ruminum
624 2779 1155 2873 umbrarumque
1203 2779 1546 2863 invenisse
1577 2780 1814 2850 'ratio-

226 2894 417 2954 nem,
448 2870 787 2941 secundus
812 2872 1228 2943 examinasse
1249 2873 1572 2943 subtilius
1597 2873 1814 2942 lineas

224 2960 548 3029 traditur.
591 2969 765 3031 Nam
808 2962 1057 3033 Zeuxis
1105 2964 1258 3056 plus
1307 2964 1628 3035 membris
1662 2989 1815 3033 cor-

223 3074 473 3143 porum
508 3053 737 3140 dedit,
788 3054 863 3125 id
896 3055 1190 3161 amplius
1229 3069 1432 3149 atque
1451 3055 1812 3148 augustius

223 3155 454 3228 ratus»,
511 3157 713 3238 atque
766 3152 894 3229 (ut
930 3148 1362 3231 existimant)
1422 3153 1808 3218 Homerum

294 3298 384 3367 (ι)
418 3302 665 3377 Dee-claris
690 3303 963 3380 Pie-toribus
990 3305 1106 3355 vide
1141 3304 1364 3357 Plinium
1389 3307 1476 3359 lib.
1507 3306 1590 3359 35.
1619 3324 1730 3375 cap.
1753 3307 1808 3359 8·

206 3380 276 3433 ,9.
298 3382 359 3415 ιο
386 3380 434 3416 ct
460 3366 752 3424 Ciceronem
772 3387 823 3419 m
850 3369 999 3423 Bruto
1020 3410 1034 3438 ,
1060 3388 1201 3423 num.
1235 3388 1317 3440 7⁰·

1357 3444 1526 3529 Qs
