2188 3757
575 208 756 302 ‘Qun
803 232 973 282 ros-1·
1019 230 1239 282 mmm
1285 232 1563 281 swan.
1724 212 1855 298 39'1

265 302 466 377 tione
497 300 876 375 discantur.
909 309 1225 395 Longam
1266 302 1453 373 enim
1488 298 1651 393 facit
1684 326 1867 395 ope-

268 422 422 467 ram
445 447 465 481 ,
499 395 688 503 quod
718 418 1202 489 repugnamus.
1242 394 1481 465 Brevis
1514 406 1622 469 est,
1649 393 1865 463 insti-

269 490 454 559 tutio
484 502 640 559 vitae
665 486 968 559 honesta
1000 486 1488 580 beataeque‚(1)
1520 485 1574 557 si
1602 484 1861 557 credas·

267 587 536 651 Natura
583 579 768 651 enim
824 605 951 649 nos
1013 580 1102 649 ad
1166 591 1467 649 mentem
1528 578 1859 671 optimam

267 673 563 766 genuit:
601 671 908 766 adeoque
959 669 1223 741 discere
1272 669 1558 741 meliora
1607 670 1861 741 volen-

262 764 458 835 tibus
487 776 884 871 promptum
915 775 1058 849 est,
1093 775 1173 833 ut
1198 787 1359 846 vere
1394 762 1698 833 intuenti
1735 762 1863 833 mi·-

267 881 424 927 rum
456 868 550 925 snt
583 852 760 929 illud
793 854 1008 947 magis
1033 906 1051 939 ‚
1089 853 1307 925 malos
1338 880 1483 925 esse
1512 866 1649 923 tam
1679 854 1860 924 mul-

263 960 398 1019 tos.
427 954 604 1017 Nam
625 1000 646 1033 ‚
676 959 754 1017 ut
783 972 962 1041 aqua
991 945 1295 1039 piscibus
1319 1000 1340 1030 ‚
1380 960 1453 1017 ut
1494 947 1671 1017 sicca
1705 958 1858 1015 ter-
1900 986 1905 993 -

265 1039 456 1111 renis
484 1093 506 1127 ,
543 1039 998 1110 circumfusus
1045 1038 1249 1107 nobis
1304 1037 1588 1132 spiritus
1653 1037 1859 1111 volu-

264 1131 500 1203 cribus
555 1130 938 1215 convenit3
997 1128 1092 1199 ita
1146 1145 1329 1199 certe
1387 1130 1659 1201 facilius
1710 1156 1855 1201 esse

263 1223 630 1316 oportebat
680 1275 701 1308 ‚
759 1222 1140 1330 secundum
1198 1234 1513 1292 naturam
1564 1274 1584 1309 ‚
1650 1247 1855 1317 quam

265 1328 514 1386 contra
557 1340 707 1385 eam
744 1338 998 1385 vivere.
1072 1380 1079 1385 ,

356 1412 617 1477 Caetera
657 1431 818 1477 vero
844 1458 864 1489 ‚
907 1403 1179 1475 etiamsi
1222 1415 1490 1475 aetatem
1550 1418 1855 1477 nostram

257 1525 407 1572 non
439 1503 664 1591 spatio
704 1498 1078 1567 senectutis
1106 1549 1126 1582 ‚
1164 1496 1286 1566 sed
1325 1508 1633 1591 tempore
1670 1498 1856 1568 ado-

259 1590 612 1663 lescentiae
658 1588 1024 1659 metiamur
1056 1640 1077 1672 ‚
1133 1586 1407 1658 abunde
1454 1588 1709 1659 multos
1765 1590 1855 1659 ad

261 1680 670 1755 discendum
731 1702 952 1749 annos
1007 1677 1287 1748 habent.
1350 1679 1604 1751 Omnia
1664 1682 1851 1752 enim
1894 1724 1900 1729 ·

257 1774 581 1847 breviora
603 1770 848 1853 reddet
871 1771 1045 1843 ordo
1063 1825 1086 1858 ‚
1122 1784 1190 1842 et
1215 1771 1391 1843 ratio
1416 1824 1436 1858 ‚
1470 1785 1537 1842 et
1570 1772 1850 1845 modus:

261 1866 387 1939 sed
439 1866 646 1962 culpa
691 1876 798 1941 est
852 1862 926 1938 in
985 1864 1521 1960 praeceptoribus
1586 1866 1851 1960 prima,

255 1959 565 2030 libenter
595 1957 1072 2030 detinentibus
1104 1981 1432 2048 puerum,
1460 1961 1711 2052 partim
1742 1987 1855 2032 cu·

259 2051 554 2146 piditate
593 2049 884 2120 -diutius
961 2049 1280 2140 exigendi
1356 2052 1778 2122 mercedulas
1828 2105 1849 2138 ‚

257 2143 514 2238 partim
543 2140 960 2225 ambitione,
1005 2162 1146 2234 quo
1172 2140 1523 2212 difficilius
1549 2142 1641 2212 sit
1662 2145 1852 2238 quod
1954 2213 1964 2225 ,

311 2235 728 2319 ollicentur‚
791 2233 1042 2328 partim
1097 2232 1306 2304 etiam
1358 2232 1635 2306 inscitia
1697 2248 1854 2306 tra-

253 2262 478 2398 flendi
501 2379 522 2410 ‚
560 2326 666 2398 vel
701 2325 1150 2420 negligentia.

349 2418 666 2490 Proxima
689 2425 792 2506 (2)
820 2417 893 2489 in
913 2417 1117 2490 nobis
1140 2471 1160 2505 ‚
1192 2417 1309 2510 qui
1344 2419 1595 2489 morari
1631 2418 1701 2489 in
1730 2444 1812 2491 eo
1834 2474 1856 2508 ‚

307 2511 447 2582 uod
494 2511 814 2582 novimus
845 2563 864 2597 ,
917 2537 1123 2673 ‹lquam
1174 2510 1437 2590 discere
1484 2537 1629 2604 quae
1672 2537 1849 2583 non-

309 2629 426 2674 um
459 2603 711 2674 scimus
745 2657 764 2688 ‚
815 2628 920 2674 me
955 2603 1060 2674 ius
1102 2615 1445 2696 putamus.
1502 2609 1679 2674 Nam
1706 2656 1726 2689 ‚
1770 2618 1850 2675 ut

253 2693 344 2766 de
369 2695 624 2766 nostris
647 2694 1080 2788 potissimum
1108 2694 1356 2766 studiis
1386 2693 1609 2767 dicam
1630 2749 1647 2781 ,
1678 2697 1853 2790 quid

253 2788 512 2859 attinet
539 2800 680 2857 tam
713 2787 950 2858 multis
985 2787 1187 2858 annis
1214 2840 1234 2873 ,
1282 2813 1491 2881 quam·
1538 2789 1611 2859 in
1654 2809 1845 2859 more

253 2892 360 2950 est
411 2879 870 2972 plurimorum
941 2887 1072 2966 (ut
1128 2879 1211 2949 de
1264 2878 1375 2950 his
1410 2933 1431 2966 ,
1488 2906 1526 2952 a
1588 2880 1845 2974 quibus

251 2997 506 3064 magna
540 2971 614 3041 in
661 2970 794 3043 hoc
833 2997 989 3065 pars
1019 2971 1235 3044 ae'tatis
1265 2971 1651 3043 absumitur
1674 3025 1693 3058 ‚
1740 2985 1849 3047 ta.-

319 3148 345 3213 (
355 3148 402 3216 1)
429 3147 498 3199 si
511 3147 690 3198 eredas
705 3147 870 3200 adesse
883 3151 1030 3202 breve
1049 3161 1100 3201 et
1118 3149 1263 3201 facile
1278 3167 1290 3199 τ
1306 3149 1385 3202 vel
1398 3149 1439 3200 si
1454 3147 1623 3201 credas
1646 3149 1709 3200 iis
1738 3167 1848 3217 quae

247 3213 317 3264 'de
326 3213 505 3266 virtute
526 3214 902 3284 pracipiuutur.
927 3218 1193 3270 Meliorem
1218 3228 1345 3269 certe
1358 3233 1557 3268 sensum
1574 3215 1683 3268 hac
1698 3217 1847 3268 verba

247 3279 514 3336 efficerent
532 3299 544 3331 :
567 3285 615 3331 si
632 3285 810 3350 cupias
824 3323 840 3350 ‚
865 3285 909 3334 si
923 3283 1071 3335 velis.

319 3363 348 3429 <
369 3365 440 3431 2)
475 3365 724 3435 Intelligit
757 3366 1085 3420 adolescentes
1110 3329 1386 3422 Rhetorica
1413 3384 1616 3435 operam
1651 3365 1849 3419 dantes.

1343 3440 1497 3521 Rs*
