2188 3757
692 165 805 234 nn
852 185 1054 234 com
1097 167 1514 258 vannorum.
1709 174 1830 239 181

253 253 449 328 ficiat
467 281 485 324 ι
506 254 603 326 ita
620 277 893 325 omnem
917 256 1069 326 vitae
1094 253 1461 350 imaginem
1489 261 1840 350 expressitz

254 359 453 416 tanta
513 346 585 415 in
648 372 731 415 eo
790 346 1186 418 inveniendi
1251 349 1448 440 copia
1483 402 1502 434 ‚
1563 347 1838 419 et'eloe

256 436 519 530 quendi
555 437 885 507 facultas:
936 437 1029 506 ita
1076 450 1179 506 est
1223 439 1542 508 omnibus
1585 437 1788 510 rebus
1814 493 1835 526 ‚

255 527 615 620 personis,
664 527 1021 598 affectibus
1076 530 1644 602 accommodatus.
1690 537 1836 602 Nec

254 619 439 689 nihil
480 619 791 711 profecto
840 617 1208 703 viderunt,
1255 621 1372 712 qui
1429 621 1778 692 orationes
1809 675 1854 707 ‚-

305 738 407 780 uae
438 710 733 781 Charisii
771 711 1048 779 nomine
1090 710 1392 780 eduntur
1417 763 1435 796 ‚
1472 737 1510 780 a
1541 719 1836 782 Menan·

252 737 383 871 dro
419 800 702 893 scriptas
735 801 1162 906 putant.Sed·
1187 801 1354 872 mihi
1390 802 1590 894 longe
1619 804 1834 912 magis

254 905 493 964 orator
526 892 800 984 proban
838 917 907 960 m
938 916 1148 984 opere
1182 915 1306 962 suo
1351 892 1629 963 videtur
1643 918 1665 978 3
1697 919 1834 966 ms}
1916 983 1922 988 ι

251 984 435 1054 sorte
469 997 588 1054 aut
644 983 763 1052 illa
813 982 989 1052 mala
1023 981 1318 1071 judicia,
1361 1009 1508 1076 quae
1546 985 1833 1076 Epitre-

250 1087 501 1168 pontas
526 1127 545 1160 ‚
570 1071 957 1166 Epicleros‚
992 1072 1265 1143 Lochos
1293 1125 1312 1157 ‚
1360 1073 1617 1144 habent
1641 1101 1663 1160 3
1711 1089 1834 1146 aut

250 1166 734 1237 meditationes
761 1165 832 1234 in
852 1163 1218 1257 Psophoda
1235 1216 1254 1248 ‚
1279 1176 1348 1233 et
1373 1165 1784 1237 Nomothete
1806 1219 1827 1253 ,

250 1270 321 1327 et
351 1255 877 1352 Hypobolimaeo
901 1308 920 1339 ,
967 1281 1109 1325 non
1157 1255 1478 1326 omnibus
1512 1258 1832 1330 oratoriis

248 1349 557 1420 numeris
588 1359 751 1420 sunt
790 1346 1138 1418 absolutae.

340 1447 493 1532 Ego
538 1454 763 1510 tamen
800 1439 951 1531 plus
984 1439 1212 1510 adhue
1243 1436 1569 1531 quiddam
1603 1441 1831 1510 colla-

246 1543 482 1600 turum
560 1529 1132 1600 declamatoribus
1188 1544 1358 1622 puto
1391 1583 1411 1613 ‚
1547 1533 1826 1603 uoniam

245 1623 351 1692 his
400 1649 672 1694 necesse
716 1634 819 1690 est
850 1674 870 1706 ‚
926 1619 1302 1690 secundum
1355 1645 1483 1690 con
1511 1622 1824 1693 'itionem

240 1714 863 1785 controversiarum
888 1763 907 1798 ‚
940 1710 1170 1804 plures
1203 1711 1432 1782 subire
1455 1737 1778 1804 personas
1802 1765 1823 1801 .,

242 1818 565 1898 patrum,
602 1803 937 1887 filiorum,
987 1802 1426 1887 maritorum,
1477 1803 1820 1894 militum,
1933 1838 1941 1846 <
2059 1805 2068 1814 ’

244 1896 703 1981 rusticorum,
770 1894 1106 1979 divitum,
1163 1920 1582 1989 pauperum,
1639 1896 1824 1967 iras-

244 1989 548 2059 centium
579 2041 598 2069 ,
644 1986 1198 2079 deprecantium,
1255 1986 1522 2057 mitium
1551 2040 1572 2073 ‚
1612 2014 1822 2082 aspe-

238 2104 501 2149 rorum.
562 2084 641 2149 In
696 2077 947 2170 quibus
990 2076 1310 2147 omnibus
1360 2078 1530 2147 mire
1577 2093 1822 2149 custo·-

241 2170 436 2241 ditur
491 2168 577 2241 ab
624 2166 757 2239 hoc
792 2178 995 2262 poeta
1040 2166 1391 2239 decorum.
1445 2174 1670 2261 Atque
1701 2171 1820 2243 ille

237 2261 519 2355 quidem
562 2259 883 2331 omnibus
944 2258 1248 2350 ejusdem
1297 2260 1523 2351 operis
1569 2273 1822 2331 aucto-

239 2352 433 2423 ribus
474 2351 757 2433 abstulit
794 2376 1085 2436 nomen,
1121 2364 1189 2420 et
1217 2350 1484 2444 fulgore
1519 2351 1818 2444 quodam
1911 2402 1916 2409 ·

254 2469 391 2513 suae
446 2442 777 2514 claritatis
824 2442 1141 2512 tenebras
1187 2440 1497 2513 obduxit.
1531 2442 1816 2514 Habent

234 2546 469 2605 tamen
496 2534 615 2605 alii
676 2559 948 2627 quoque
998 2532 1284 2617 comici,
1339 2531 1396 2602 si
1429 2558 1582 2601 cum
1615 2535 1816 2605 venia

234 2624 558 2719 legantur
576 2678 594 2711 ‚
622 2626 921 2718 quaedam
940 2676 959 2709 ,
998 2650 1144 2716 quae
1169 2622 1384 2716 possis
1411 2622 1816 2731 decerpere3

236 2730 307 2785 et
339 2716 677 2809 praecipue
708 2715 1069 2787 Philemon
1100 2765 1120 2799 ‚
1144 2714 1302 2807 qui,
1354 2727 1431 2791 ut
1453 2740 1678 2807 pravts
1704 2716 1813 2789 sui

230 2805 563 2899 temporis
630 2804 907 2897 judiciis
970 2804 1362 2877 Menandro
1413 2832 1584 2900 saepe
1625 2834 1814 2901 prse-

232 2895 417 2969 latus
450 2911 597 2983 est,
651 2898 745 2967 ita
785 2922 1126 2969 consensu
1191 2897 1502 2969 omnium
1558 2902 1816 2972 meruit

235 2988 425 3061 credi
477 2988 839 3059 secundus.

326 3106 392 3149 2.
420 3080 797 3151 Historiam
854 3080 1053 3151 multi
1092 3079 1420 3174 scripsere
1448 3080 1812 3172 praeclare3

196 3174 212 3187 “
234 3169 352 3241 sed
375 3196 575 3247 nemo
596 3170 863 3241 dubitat
886 3171 1057 3243 duos
1080 3170 1282 3264 longe
1302 3170 1558 3241 caeteris
1577 3174 1810 3263 praete-

234 3261 486 3333 tendos
524 3314 545 3353 ‚
600 3287 895 3355 quorum
953 3262 1220 3343 diversa
1269 3262 1485 3337 virtus
1531 3262 1816 3355 laudem

1979 3558 2126 3623 A
