2188 3757
347 158 492 253 396
767 166 945 233 Lu.
991 166 1173 233 XII.
1224 167 1413 237 CAr.
1474 168 1616 237 XI}
1826 240 1831 243 .

449 258 710 325 Verum
779 266 858 333 ut
924 256 1329 328 transeundi
1390 284 1541 351 spes
1606 284 1747 331 non
1810 258 1951 350 sit,

366 371 614 439 magna
670 359 900 417 tamen
951 360 1052 417 est
1107 348 1409 441 dignitas
1460 350 1955 445 subsequen-di.

365 445 478 509 An
511 436 736 509 Pollio
770 451 837 508 et
875 440 1172 511 Messala
1194 493 1214 525 ‚
1258 442 1415 533 qui,
1448 446 1585 533 jam
1612 446 1954 517 Cicerone

369 555 595 601 arcem
641 543 922 601 tenente
977 531 1429 627 eloquentiae,
1485 560 1686 627 agere
1732 560 1955 631 coepe-

369 636 560 709 runt,
584 648 825 717 parum
860 622 932 694 in
969 622 1111 693 vita
1140 624 1209 694 di
1262 624 1500 695 nitatis
1528 626 1961 713 habuerunt,

365 740 612 809 parum
671 714 758 785 ad
811 727 1123 822 posteros
1172 742 1215 809 g
1246 717 1405 787 oriae
1460 718 1959 792 tradiderunt?

367 806 652 914 Alioqui
703 832 991 900 pessime
1038 806 1124 877 de
1168 808 1374 879 rebus
1424 808 1743 880 humanis
1790 808 1959 917 ⁴per-
2085 862 2093 868 »
2172 784 2175 819 ⁷

376 898 590 973 ductae
624 925 698 970 in
723 925 1060 970 summum
1093 913 1281 971 artes.
1315 914 1743 972 mererentur
1771 956 1791 989 ,
1840 930 1901 974 s}
1930 917 1959 993 ‚'

369 990 556 1083 quod
584 991 919 1085 optimum
954 992 1227 1080 suisset,
1268 1000 1370 1080 (1)
1405 993 1757 1064 defuisset.

459 1116 666 1188 Adde·
687 1117 872 1210 quod
898 1144 1181 1211 magnos
1212 1118 1481 1189 mod-ica
1513 1145 1784 1213 quoque
1810 1118 1963 1191 elo-

369 1210 654 1303 quentia
715 1210 896 1303 parit
959 1210 1223 1280 functus
1257 1238 1274 1280 τ
1344 1236 1423 1281 ac
1480 1211 1539 1281 si
1596 1212 1750 1305 quis
1808 1212 1962 1283 haec

367 1300 597 1371 studia
660 1301 958 1371 utilitate
1011 1301 1156 1373 sola
1211 1302 1572 1386 metiatur,
1613 1328 1788 1395 pene
1845 1303 1961 1375 issi

365 1394 682 1485 perfectae
719 1418 842 1484 par
881 1404 1005 1462 est.
1039 1400 1277 1485 Neque
1309 1407 1455 1463 erat
1487 1393 1769 1465 difficile
1791 1446 1812 1479 ‚
1843 1394 1961 1467 vel

363 1482 714 1555 veteribus
741 1482 849 1556 vel
875 1484 1070 1555 novis
1098 1485 1423 1577 exemptis
1442 1486 1665 1579 palam
1688 1486 1952 1573 facere,

364 1602 512 1647 non
551 1576 831 1647 aliunde
866 1581 1155 1668 majores
1182 1576 1517 1659 honores,
1556 1579 1963 1671 opes‚.ami-

367 1670 566 1741 citias
592 1723 612 1755 ‚
645 1668 920 1740 laudem
950 1682 1357 1775 praesentem
1386 1722 1405 1754 ‚
1455 1670 1793 1755 saturam,
1836 1670 1963 1741 ho-

362 1762 670 1833 minibus
707 1762 1125 1853 contigisse:
1158 1760 1219 1830 si
1258 1773 1488 1830 tamen
1532 1761 1819 1853 dignum
1848 1762 1961 1832 lit-

361 1854 530 1924 teris
566 1863 776 1934 esset,
810 1851 896 1920 ab
945 1876 1151 1942 opere
1188 1850 1657 1942 pulcherrimo
1688 1907 1707 1940 ‚
1758 1858 1963 1945 cujus

358 1957 693 2015 tractatus
725 1955 928 2036 atque
955 1943 1105 2035 ipsa
1129 1943 1465 2036 possessio
1485 1941 1961 2036 plenissimam

363 2037 612 2108 studiis
638 2034 930 2130 gratiam
957 2034 1204 2122 refert,
1234 2033 1417 2106 hane
1448 2035 1788 2108 minorem
1814 2037 1963 2108 exi-

362 2157 526 2224 gere
583 2125 1001 2213 mercedem,
1056 2153 1247 2198 more
1292 2153 1574 2214 eorum,
1618 2129 1741 2222 qui
1789 2155 1828 2198 a
1880 2155 1962 2202 se

361 2249 507 2293 non
543 2222 867 2307 virtutes,
905 2219 1024 2290 sed
1064 2220 1525 2312 voluptatem,
1570 2245 1718 2313 quae
1746 2221 1836 2292 sit
1872 2247 1962 2293 ex

361 2313 740 2390 virtutibus
766 2365 792 2398 .,
825 2311 968 2406 peti
1011 2311 1285 2382 dicunt.

453 2449 676 2534 Ipsam
725 2437 941 2531 igitur
997 2437 1243 2508 orandi
1297 2440 1767 2528 majestatem,
1810 2463 1955 2531 qua

361 2533 541 2606 nihil
575 2532 673 2604 dii
711 2528 1129 2601 immortales
1154 2529 1401 2598 meiius
1442 2528 1709 2600 homini
1749 2529 1959 2600 dede-

359 2640 564 2710 runt,
602 2637 671 2694 et
705 2649 840 2716 qua
869 2634 1131 2692 remota
1162 2633 1348 2692 muta
1374 2634 1535 2692 sunt
1563 2620 1795 2692 omnia
1826 2675 1847 2707 ‚
1879 2633 1960 2694 et

359 2717 514 2788 luce
553 2713 871 2810 praesenti
920 2727 988 2783 et
1023 2712 1352 2785 memoria
1394 2713 1815 2806 posteritatis
1846 2737 1961 2784 ca-

358 2823 555 2895 rent,
599 2819 747 2878 toto
811 2805 1042 2876 animo
1107 2819 1461 2898 petamus,
1506 2804 1957 2898 nitamurque

360 2929 500 2974 sem
551 2897 632 2972 e'r
674 2897 781 2968 ad‘
815 2897 1119 2990 optima:
1162 2897 1349 2991 quod
1408 2895 1777 2982 facien-tes,
1822 2909 1955 2967 aut

359 3021 484 3068 eva
537 3017 726 3065 emus
773 2989 846 3059 in
878 3014 1259 3083 summum5
1302 3002 1425 3065 aut
1462 3001 1649 3064 certe
1688 2987 1959 3062 multos

360 3087 546 3158 infra
578 3111 704 3160 nos
730 3079 1141 3158 videbimus.
1216 3094 1225 3104 ·

429 3228 508 3300 (ι)
537 3227 664 3300 Legi
685 3226 872 3298 possit,
893 3223 1149 3297 defiemet.
