2188 3757
392 209 551 276 302·
804 203 1180 276 L1n..xl.
1223 203 1405 272 Car.
1469 205 1612 272 111.

394 295 483 368 ad
512 289 795 366 verbera
852 294 1071 376 solet,
1106 293 1575 386 torquendus;
1633 305 1750 363 aut
1780 317 1898 366 vox
1919 345 1938 380 ‚

390 386 615 482 qualis
646 384 887 456 dolore
932 385 1372 478 exprimitur,
1420 385 1716 456 eruenda
1751 411 1767 454 τ
1800 412 1942 459 cum

390 478 561 550 mihi
616 477 904 548 comedi
954 502 1226 572 qnoque
1262 478 1550 570 pessime
1582 479 1796 554 facere
1837 479 1944 548 vi-

388 570 741 656 deantur,
798 570 957 664 qui,
1006 570 1271 665 etiamsi
1323 575 1640 660 juvenem
1703 581 1940 668 agant,

391 687 550 734 cum
580 673 810 738 tamen
835 663 903 730 in
922 666 1333 754 expositione
1356 672 1474 732 aut
1491 661 1675 732 senis
1703 687 1942 747 sermo,

388 767 469 826 ut
520 756 595 826 in
630 760 733 839 (ι)
768 754 1060 847 Hydnoae
1071 751 1358 846 prologo
1391 805 1412 839 ‚
1445 766 1564 823 aut
1609 753 1942 838 mulieris»,

356 851 465 916 'ut
502 847 575 917 in
618 845 921 938 Georgv,
970 845 1267 930 incidit,
1306 844 1597 920 tremula
1631 845 1736 920 vel
1781 845 1946 918 effe-

388 937 653 1012 minata
696 964 861 1010 voce
916 935 1394 1031 pronuntiant.
1445 935 1644 1008 Adeo
1705 938 1776 1008 in
1821 934 1946 1006 illis

388 1055 665 1126 quoque
692 1043 795 1100 est
826 1029 1057 1124 aliqua
1109 1029 1354 1100 vitiosa
1399 1028 1694 1101 imitatio
1726 1081 1747 1115 ‚
1777 1053 1948 1124 quo-

384 1148 541 1194 rum
588 1148 697 1193 ars
731 1122 957 1194 omnis
988 1133 1268 1192 constat·
1304 1121 1761 1194 imitatione...

480 1216 759 1308 Optime
806 1227 1037 1284 autem
1104 1239 1344 1284 manus
1379 1239 1417 1281 a
1446 1213 1725 1284 sinistra
1771 1223 1944 1306 parte

384 1305 680 1412 incipit,
716 1307 788 1375 in
822 1305 1057 1376 dextra
1106 1305 1190 1374 de
1243 1305 1530 1392 onitur3
1573 1306 1698 1376 sed
1737 1317 1811 1374 ut
1847 1301 1948 1372 cle-

382 1421 589 1504 pom,
628 1422 767 1466 non
788 1409 861 1465 ut
892 1394 1092 1464 ferire
1115 1397 1176 1467 vi
1233 1409 1466 1466 eatur:
1487 1421 1870 1491 quanquam
1889 1405 1950 1464 et

384 1513 461 1560 ιιι
495 1487 634 1562 fine
685 1487 964 1560 interim
1010 1485 1229 1574 cadit,
1293 1499 1370 1557 ut
1413 1485 1550 1559 cito
1601 1501 1826 1560 tamen
1861 1511 1948 1556 re-

384 1579 548 1652 deat
580 1608 595 1650 2
630 1593 699 1651 et
729 1604 1228 1672 nonnunquam
1253 1578 1472 1651 resilit
1495 1579 1604 1654 vel
1653 1576 1950 1675 neganti-

383 1670 517 1744 hus
546 1672 781 1758 nobis,
816 1671 923 1743 vel
960 1671 1485 1742 admirantibus».

478 1769 618 1834 Hic
656 1776 917 1835 veteres
981 1762 1278 1832 artifices
1332 1762 1507 1832 illud
1541 1776 1726 1836 recte
1778 1761 1949 1853 adje-

384 1867 633 1927 canunt
658 1905 680 1941 ‚
724 1866 799 1925 ut
840 1877 1077 1928 monus
1123 1877 1264 1923 cum
1294 1878 1484 1929 sensu
1507 1866 1574 1925 et
1619 1859 1946 1947 inciperet,

382 1959 451 2019 et
467 1950 918 2038 deponeretur.
953 1946 1234 2041 Alioqui
1270 1947 1456 2019 enim
1491 1960 1615 2019 aut
1661 1961 1817 2019 ante
1849 1971 1950 2016 vo-

384 2064 533 2137 cem
568 2039 699 2111 erit
722 2052 988 2133 gestus,
1020 2052 1140 2111 aut
1173 2051 1324 2132 post.
1345 2064 1622 2113 vocem:
1655 2038 1836 2148 quod
1861 2048 1950 2109 est

382 2146 753 2227 utrumque
817 2132 1147 2205 deformet
1201 2136 1280 2203 In
1345 2132 1467 2202 illo
1531 2133 1702 2226 lapsi
1747 2128 1948 2206 nimia

385 2225 771 2297 subtilitate
808 2239 1007 2312 sunt,
1046 2224 1232 2319 quod
1269 2224 1708 2295 intervallum
1740 2235 1950 2295 motus

380 2319 519 2387 tria
572 2317 777 2393 verba
820 2342 964 2387 esse
1011 2318 1379 2387 voluerunt
1409 2344 1425 2387 ε
1458 2316 1642 2411 qnod
1675 2342 1804 2387 nec
1823 2312 1952 2388 ob·-

384 2421 697 2479 servatut·
724 2462 745 2495 .,
778 2433 908 2478 nec
950 2407 1100 2478 fieri
1140 2421 1364 2500 potest
1399 2436 1416 2477 t
1453 2408 1570 2479 sed
1611 2408 1714 2483 illi
1768 2400 1952 2501 quasi

384 2526 777 2573 mensuram
798 2498 1142 2578 tarditatis
1155 2500 1655 2595 celeritatisque
1669 2500 1728 2570 al
1737 2492 1954 2595 iquaui

382 2618 529 2663 esse
589 2593 1001 2677 voluerunt,
1053 2619 1182 2663 nec
1241 2592 1582 2662 immerito
1615 2645 1637 2681 ‚
1701 2618 1786 2662 ne
1841 2600 1952 2659 aut

384 2683 508 2753 diu
550 2685 771 2755 otiosa
814 2696 992 2753 esset
1034 2710 1313 2767 mamm,
1345 2697 1464 2754 aut
1499 2683 1736 2778 (quod
1762 2676 1950 2754 m'ulti

381 2775 706 2939 ssadum)
742 2781 1068 2847 actionem
1101 2776 1434 2849 continuo
1487 2789 1676 2846 motu
1731 2772 1950 2849 conci-

433 2878 677 2938 erent..

476 2957 669 3031 Tolli
734 2982 1011 3028 manum
1069 2956 1368 3031 artifices
1429 2986 1510 3033 su
1561 2985 1634 3031 ra
1681 2954 1946 3042 oculos»,

384 3050 651 3123 demitti
682 3047 860 3121 infra
896 3062 1142 3143 pectus·
1163 3062 1439 3121 vetant-t
1472 3079 1508 3121 a
1563 3078 1644 3123 eo
1676 3078 1712 3121 a
1740 3076 1816 3121 ca*
1864 3049 1946 3123 ite

384 3166 533 3213 eam
570 3156 840 3236 petere,
870 3153 988 3211 aut
1022 3141 1110 3211 ad
1140 3142 1353 3212 imum
1379 3156 1686 3217 ventrem
1729 3142 1814 3215 de
1863 3166 1948 3212 u·-

384 3260 537 3305 cere
560 3286 579 3318 ‚
597 3235 918 3303 vitiosum
952 3232 1315 3303 habetur...

446 3356 765 3426 (1)Hrdn‘ae
777 3370 829 3411 et
844 3358 1072 3428 Georgia
1094 3357 1227 3413 tituli
1251 3372 1370 3413 mut
1387 3340 1657 3419 comoedia.
1737 3338 1745 3345 .
