2188 3757
682 205 815 270 Da
884 205 1287 272 Fxounxs.
1681 209 1782 288 93.

172 295 339 367 dum
373 292 517 364 erit
540 344 562 377 ‚
594 317 738 364 esse
774 304 1144 385 utrumque
1176 317 1412 363 eorum
1447 292 1654 363 etiam
1693 295 1770 364 in

170 386 445 481 figuris.
488 390 671 455 Usus
720 389 993 476 quoque
1048 395 1151 452 est
1211 383 1439 469 idem3
1495 409 1652 455 nam
1699 397 1772 454 et

167 480 313 549 vim
350 476 561 546 rebus
592 474 965 564 adjici-unt,
1006 486 1075 543 et
1107 474 1398 564 gratiam
1421 488 1766 567 praestant.

251 575 413 640 ,Nec
450 567 746 650 desunt,
810 565 927 658 qui
978 570 1187 656 tropis
1226 565 1272 634 fi
1325 591 1460 634 urae
1511 591 1764 638 nomen

168 658 605 750 imponant...
622 663 783 745 Quo
800 655 1013 748 magis
1033 657 1274 747 signan
1330 681 1372 731 a
1391 667 1488 725 est
1514 655 1768 726 utnius-

171 775 307 842 que
356 751 456 818 rei
499 747 919 818 differentia.
1759 779 1764 784 ·

246 846 390 910 AEst
438 838 650 932 igitur
699 849 961 926 tropus,
1012 861 1232 908 sermo
1264 863 1303 906 a
1346 837 1643 907 naturali
1693 851 1766 908 et

166 929 545 1024 principali
633 927 1138 1022 significatione
1212 929 1582 998 translatus
1674 929 1764 1008 ad

166 1022 378 1092 aliam
418 1073 439 1104 ‚
510 1020 833 1090 ornaudae
902 1018 1240 1089 orationis
1317 1020 1590 1112 gratia3
1647 1019 1760 1090 vel

170 1119 304 1194 (ut
356 1111 668 1205 plerique
701 1109 1128 1204 grammatici
1159 1107 1508 1195 finiunt),
1543 1110 1758 1180 dictio

166 1203 255 1272 ab
291 1228 373 1273 eo
411 1203 564 1272 loco
588 1255 606 1285 ,
645 1203 718 1272 in
750 1228 887 1295 quo
928 1200 1206 1296 propria
1243 1213 1383 1286 est,
1430 1201 1760 1270 translata

164 1295 255 1363 in.
292 1320 453 1364 eum
487 1346 508 1379 ‚
547 1295 789 1387 inquo
825 1293 1104 1384 propria
1137 1315 1280 1362 non
1322 1304 1442 1362 est.
1491 1291 1756 1384 'Figura
1827 1341 1834 1350 -

169 1385 417 1468 (sicut
462 1383 739 1454 nomine
776 1384 923 1475 ipso
957 1390 1194 1474 patet)
1232 1384 1750 1453 est-conforma-
1821 1419 1826 1428 ·

164 1477 267 1544 tio
306 1475 611 1568 quaedam
638 1473 1007 1557 orationis,
1044 1487 1304 1546 remota
1329 1501 1368 1545 a
1401 1475 1750 1545 communi

166 1567 563 1657 ‹et-primum
594 1592 664 1636 se
697 1565 1031 1635 offerente
1082 1563 1621 1654 ratione.Quare
1677 1567 1754 1636 in

166 1661 376 1744 tropis
424 1669 777 1748 ponuntur
823 1655 1029 1726 verba
1060 1653 1194 1724 alia
1222 1681 1345 1748 pro
1385 1656 1604 1725 aliis...

247 1753 531 1818 Horum
573 1747 747 1816 nihil
800 1747 873 1816 in
924 1745 1174 1837 figuras
1225 1744 1429 1816 cadit.
1463 1753 1636 1816 Nam
1678 1759 1753 1818 et

167 1838 467 1931 propriis
514 1839 736 1913 verbis
763 1891 784 1923 ,
832 1850 901 1908 et
947 1837 1192 1923 ordine
1235 1837 1586 1910 collocatis
1615 1893 1634 1927 ‚
1669 1837 1750 1909 fi-

167 1956 338 2023 gura
372 1929 847 2023 fieripotest...
1749 1983 1755 1990 .

300 2028 387 2090 11.
446 2028 569 2091 Est
652 2034 877 2091 autem
925 2043 1067 2089 non
1146 2018 1507 2109 medio-cris
1565 2020 1748 2090 inter

164 2124 479 2182 auctores
528 2112 861 2183 dissensio
897 2163 914 2194 ‚
986 2120 1054 2177 et
1103 2136 1248 2203 quae
1303 2110 1404 2181 vis
1445 2110 1746 2180 nominis

166 2208 309 2290 ejus
342 2254 362 2287 ‚
416 2214 487 2273 et
553 2216 719 2297 quot
782 2224 1033 2295 genera
1065 2254 1085 2285 ‚
1135 2214 1204 2271 et
1261 2226 1462 2295 quam
1518 2200 1744 2273 multae

164 2295 302 2363 sint
358 2294 639 2387 species.
686 2300 939 2383 Quare.
977 2292 1272 2384 primum
1333 2293 1746 2365 intuendum

163 2396 264 2453 est
300 2438 318 2469 ‚
428 2384 549 2455 uid
612 2386 921 2478 accipere
996 2383 1361 2455 debeamus
1428 2383 1756 2477 figuram:
1817 2414 1822 2419 ·

162 2480 332 2543 Nam
424 2476 643 2546 uobus
682 2476 902 2546 modis
946 2473 1243 2546 dicitur:
1283 2500 1463 2557 uno,
1493 2476 1744 2566 qualis-

163 2591 293 2636 cun
350 2593 431 2637 ue
488 2568 707 2637 forma
770 2568 1179 2650 sententiae3
1220 2568 1394 2635 sicut
1451 2566 1523 2633 in
1576 2586 1742 2633 cor-

162 2593 445 2747 poriiius
473 2711 492 2742 ‚
548 2658 621 2727 in
671 2658 919 2751 quibus
952 2710 971 2741 ‚
1018 2682 1294 2818 (1:1qu0
1341 2654 1544 2724 modo
1601 2653 1740 2725 sint
1795 2686 1804 2695 ·

161 2748 538 2841 composita
591 2802 609 2833 ‚
666 2749 901 2843 utique
947 2748 1033 2818 ha
1090 2748 1238 2817 itus·
1283 2758 1384 2817 est
1435 2746 1680 2839 aliquis
1716 2774 1770 2817 ε·
1815 2796 1819 2803 -
1909 2766 1918 2777 ·

160 2837 374 2913 altero
406 2892 426 2923 ‚
520 2840 657 2909 uod
688 2840 965 2931 proprie
1010 2838 1273 2909 schema
1321 2837 1578 2909 dicitur
1607 2891 1625 2922 ‚
1661 2835 1758 2907 in‘
1815 2868 1822 2873 ·

156 2954 358 2999 sensu
410 2866 517 3000 ve‘i
554 2954 883 3001 sermone
949 2930 1178 3023 aliqua
1238 2957 1276 2999 a
1336 2929 1602 3019 vulgari
1666 2940 1746 2996 et'
1810 2960 1820 2985 >z

159 3017 451 3112 simplici
487 3020 713 3113 specie
755 3048 909 3093 cum
952 3024 1217 3091 ratione
1269 3020 1594 3102 mutatio3
1619 3018 1736 3088 -si-

158 3123 277 3181 cut
292 3164 310 3195 ‚
336 3136 467 3180 nos
484 3112 785 3183 sedemus
803 3167 821 3197 ‚
841 3114 1270 3182 incumbimus
1287 3165 1306 3195 ‚
1327 3114 1748 3201 respicimus:

38 3236 51 3246 -
155 3206 565 3295 ltaquecum
596 3204 667 3274 in
694 3203 969 3275 eosdem
995 3228 1222 3287 casus»,
1250 3214 1368 3270 aut
1389 3214 1690 3297 tempora
1711 3252 1732 3282 ‚
1763 3232 1770 3245 ·

158 3304 275 3364 aut
306 3304 669 3381 numeros,
720 3308 841 3381 aut
868 3294 1075 3365 etiam
1108 3294 1355 3387 pedes,
1397 3288 1752 3375 continuo,
