2188 3757
347 174 484 238 320
740 163 916 237 Li».
955 171 1146 237 ΧΠ.
1194 169 1385 236 Car.
1448 173 1529 235 1..

311 257 651 349 ·.bonique
700 258 1129 328 consistere?
1174 258 1469 328 Dic-etue
1504 255 1587 325 de
1637 253 1747 326 his
1796 283 1921 327 se-

307 395 318 404 ·
347 347 650 418 cundum
675 347 974 418 debitam
1001 373 1226 420 rerum
1259 347 1661 439 dignitatem
1695 347 1913 418 malus

345 453 550 530 atque
608 439 884 531 iniquus
935 448 960 509 ἲ
1003 441 1365 532 Denique,
1408 450 1482 508 ut
1554 439 1916 507 maximam

343 540 607 620 partem
715 529 1054 600 uaestion-is
1096 530 1381 600 eximam
1424 582 1444 615 ‚
1497 527 1729 600 demus
1790 528 1917 615 id,

345 618 532 710 quod
563 555 756 688 nuiio
788 621 990 691 modo
1023 620 1170 690 fieri
1207 632 1466 712 potest,
1502 620 1681 689 idem
1729 619 1917 712 inge-

345 710 485 794 nii,
521 710 776 795 studii,
820 711 1173 796 doctrinae,
1211 711 1502 804 pessimo
1535 722 1735 802 atque
1794 719 1919 801 o'p-

313 800 515 871 -timo
569 803 760 886 vir03
810 815 962 871 uter
1010 802 1253 872 melior
1306 800 1569 872 dicetur
1624 811 1918 871 orator?

345 891 686 962 Nimirum
724 893 844 984 qui
893 893 1097 964 homo
1150 917 1419 986 quoque
1459 891 1720 960 melior.
1754 899 1914 975 Non

347 982 561 1074 igitur
590 1009 892 1074 unquam
935 983 1151 1052 malus
1185 983 1363 1052 idem
1392 982 1631 1067 homo,
1666 997 1735 1052 et
1756 1008 1915 1075 per-

345 1073 564 1143 fectus
622 1085 875 1144 orator.
909 1081 1062 1144 Non
1130 1073 1313 1144 enim
1373 1073 1749 1166 perfectum
1810 1085 1917 1145 est

345 1165 750 1256 quicquam,
791 1190 930 1257 quo
959 1165 1200 1235 melius
1230 1177 1329 1234 est
1362 1163 1572 1234 aliud.
1620 1229 1625 1234 .
1662 1225 1668 1232 .

405 1254 608 1337 ‚Sed‚
641 1280 726 1324 ne
769 1282 958 1326 more
1010 1257 1495 1326 socraticorum
1546 1253 1915 1325 ‘nobismet-

343 1345 506 1437 ipsis
542 1370 938 1436 responsum
972 1347 1238 1415 finxisse
1255 1345 1641 1430 videamur,
1663 1346 1751 1414 sit
1784 1345 1913 1416 ali-

339 1435 493 1526 quis
549 1435 722 1504 adeo
769 1449 1006 1506 contra
1069 1437 1417 1508 veritatem
1486 1437 1915 1522 obstinatus,

339 1537 415 1594 ut
452 1525 700 1596 audeat
739 1527 1265 1614 dicere‚eodem
1298 1527 1368 1599 in
1418 1527 1618 1612 enin,
1654 1527 1913 1614 studi0,

339 1615 658 1686 doctrina
684 1619 1079 1712 praeditum‚
1111 1620 1332 1690 nihilo
1368 1554 1773 1688 deteriorem
1810 1621 1914 1688 su'-

336 1719 568 1777 turum
604 1721 944 1779 oratorem
973 1711 1223 1780 malum
1259 1711 1517 1792 virum,
1552 1735 1751 1802 quam
1782 1709 1911 1778 bo-

337 1796 526 1868 num.
563 1800 1060 1872 convincamus
1098 1801 1301 1889 hujus
1335 1867 1337 1869 ,
1382 1824 1603 1905 uoque
1658 1827 1909 1870 amen-

332 1890 525 1958 tiam.
550 1896 719 1959 Nam
746 1890 876 1961 hoc
901 1903 1080 1961 certe
1115 1902 1310 1961 nemo
1388 1890 1683 1963 ubuabit
1705 1945 1724 1978 ,
1758 1920 1909 1967 om-

329 2004 486 2051 nem
538 1993 878 2052 oratorem
913 1982 986 2053 id
1036 2008 1235 2077 agere
1261 2004 1284 2067 ‚·
1316 1996 1391 2051 ut
1450 1982 1721 2073 judici,*
1754 2010 1906 2075 quae

326 2072 679 2163 proposita
705 2072 962 2143 suerint
985 2128 1006 2159 ,
1032 2100 1191 2145 vera
1220 2086 1285 2143 et
1317 2072 1603 2144 honesta
1629 2072 1906 2144 videan-

325 2174 461 2233 tur.
495 2170 740 2239 Utrum
783 2165 994 2258 igitur
1030 2165 1166 2235 hoc
1211 2164 1478 2234 facilius
1510 2164 1733 2233 bonus
1792 2166 1903 2235 vir

321 2254 800 2343 persuadebit,
830 2282 918 2325 an
949 2258 1471 2325 .malus?Bon·us
1519 2255 1795 2346 quidem
1831 2269 1903 2325 et
1943 2329 1945 2331 ,

239 2392 242 2397 -
319 2342 504 2414 dicet
533 2346 774 2437 saepius
799 2373 955 2418 vera
982 2360 1184 2439 atque
1212 2347 1521 2417 honesta.
1566 2384 1571 2388 ·
1650 2390 1657 2399 -

409 2438 546 2505 Sed
580 2436 842 2507 etiamsi
933 2436 1161 2507 uando
1198 2437 1427 2530 aliquo
1472 2437 1717 2512 ductus
1752 2438 1899 2506 offiss-

315 2525 428 2597 cio
465 2527 695 2620 (quod
743 2464 1089 2613 accidere,
1130 2541 1206 2596 ut
1237 2552 1423 2603 noxa.
1446 2526 1888 2612 docebimus,

315 2630 542 2706 potest
582 2627 610 2702 )
667 2618 840 2689 falso
897 2620 1035 2690 haec
1096 2621 1426 2689 affirmare
1484 2618 1891 2703 conabitur,

313 2712 570 2795 majore
608 2733 760 2777 cum
791 2710 924 2781 fide
958 2715 1231 2781 necesse
1268 2723 1395 2791 est!
1418 2709 1760 2779 audiatur.
1786 2718 1888 2779 ,At

308 2797 506 2867 malis
545 2797 940 2871 hominibus
981 2829 1060 2871 ex
1098 2814 1491 2893 contemptu
1536 2799 1886 2892 opinionis

307 2900 378 2957 et
410 2888 799 2983 ignorantia
832 2893 1036 2976 recti,
1077 2917 1576 2983 nonnunquam
1630 2890 1885 2968 exeidit

303 2979 450 3069 ipsa
471 2980 838 3051 simulatio.
863 2983 1030 3065 Inde
1057 2984 1455 3052 immodeste
1483 2996 1883 3074 proponunt

301 3070 450 3138 sine
474 3072 732 3161 pudore
751 3075 1113 3143 affirmant.
1134 3074 1550 3167 Sequiturin
1579 3074 1662 3144 iis
1682 3126 1701 3157 .,
1730 3099 1880 3165 quae

301 3174 561 3232 certum
597 3178 695 3233 est
737 3166 909 3235 effici
937 3191 1076 3235 non
1106 3190 1337 3257 posse,
1366 3164 1689 3235 deformis
1726 3190 1880 3256 per*—

291 3252 586 3341 tinacia‚
640 3269 708 3326 et
735 3257 972 3331 irritus
998 3256 1215 3328 labor.
1248 3264 1421 3329 Nam
1458 3257 1637 3327 sicut
1666 3256 1739 3351 iu
1768 3256 1877 3344 yi-
1969 3284 1977 3291 ⁷
