<?xml version="1.0" encoding="UTF-8"?>
<!DOCTYPE html PUBLIC "-//W3C//DTD XHTML 1.0 Transitional//EN"
    "http://www.w3.org/TR/xhtml1/DTD/xhtml1-transitional.dtd">
<html xmlns="http://www.w3.org/1999/xhtml" xml:lang="en" lang="en">
 <head>
  <title>
</title>
<meta http-equiv="Content-Type" content="text/html;charset=utf-8" />
  <meta name='ocr-system' content='tesseract 3.04.00' />
  <meta name='ocr-capabilities' content='ocr_page ocr_carea ocr_par ocr_line ocrx_word'/>
</head>
<body>
  <div class='ocr_page' id='page_1' title='image "./mfabiiquintilia22quingoog_0222.png"; bbox 0 0 2188 3757; ppageno 0'>
   <div class='ocr_carea' id='block_1_1' title="bbox 419 244 2093 1058">
    <p class='ocr_par' dir='ltr' id='par_1_1' title="bbox 425 244 1603 314">
     <span class='ocr_line' id='line_1_1' title="bbox 425 244 1603 314; baseline -0.007 -1"><span class='ocrx_word' id='word_1_1' title='bbox 425 267 559 314; x_wconf 83' lang='lat'><strong>212</strong></span> <span class='ocrx_word' id='word_1_2' title='bbox 797 245 982 310; x_wconf 78' lang='lat' dir='ltr'><strong>Lu.</strong></span> <span class='ocrx_word' id='word_1_3' title='bbox 1045 245 1137 308; x_wconf 87' lang='lat' dir='ltr'><strong>X.</strong></span> <span class='ocrx_word' id='word_1_4' title='bbox 1208 246 1412 309; x_wconf 53' lang='lat' dir='ltr'><strong>Car.</strong></span> <span class='ocrx_word' id='word_1_5' title='bbox 1461 244 1603 308; x_wconf 90' lang='lat'>111.</span> 
     </span>
    </p>

    <p class='ocr_par' dir='ltr' id='par_1_2' title="bbox 419 328 2093 1058">
     <span class='ocr_line' id='line_1_2' title="bbox 423 328 2007 423; baseline -0.003 -22"><span class='ocrx_word' id='word_1_6' title='bbox 423 333 645 418; x_wconf 87' lang='lat' dir='ltr'><strong>mina,</strong></span> <span class='ocrx_word' id='word_1_7' title='bbox 679 343 746 400; x_wconf 88' lang='lat' dir='ltr'><strong>et</strong></span> <span class='ocrx_word' id='word_1_8' title='bbox 771 330 1182 423; x_wconf 75' lang='lat' dir='ltr'>inspirantes</span> <span class='ocrx_word' id='word_1_9' title='bbox 1208 330 1415 400; x_wconf 87' lang='lat' dir='ltr'><strong>ramis</strong></span> <span class='ocrx_word' id='word_1_10' title='bbox 1440 328 2007 412; x_wconf 79' lang='lat' dir='ltr'><strong>arborum&#39;aurae‚</strong></span> 
     </span>
     <span class='ocr_line' id='line_1_3' title="bbox 421 419 2007 515; baseline -0.004 -22"><span class='ocrx_word' id='word_1_11' title='bbox 421 424 914 515; x_wconf 81' lang='lat' dir='ltr'><strong>volucrumque</strong></span> <span class='ocrx_word' id='word_1_12' title='bbox 949 431 1227 506; x_wconf 82' lang='lat' dir='ltr'><strong>cantus,</strong></span> <span class='ocrx_word' id='word_1_13' title='bbox 1262 435 1330 492; x_wconf 89' lang='lat' dir='ltr'><strong>et</strong></span> <span class='ocrx_word' id='word_1_14' title='bbox 1364 421 1509 514; x_wconf 89' lang='lat' dir='ltr'><strong>ipsa</strong></span> <span class='ocrx_word' id='word_1_15' title='bbox 1540 421 1674 490; x_wconf 90' lang='lat' dir='ltr'><strong>late</strong></span> <span class='ocrx_word' id='word_1_16' title='bbox 1712 419 2007 488; x_wconf 87' lang='lat' dir='ltr'><strong>circum-</strong></span> 
     </span>
     <span class='ocr_line' id='line_1_4' title="bbox 421 510 2093 606; baseline -0.001 -24"><span class='ocrx_word' id='word_1_17' title='bbox 421 511 759 605; x_wconf 86' lang='lat' dir='ltr'><strong>spiciendi</strong></span> <span class='ocrx_word' id='word_1_18' title='bbox 787 512 1104 600; x_wconf 55' lang='lat' dir='ltr'><strong>liberta,</strong></span> <span class='ocrx_word' id='word_1_19' title='bbox 1142 513 1227 582; x_wconf 83' lang='lat' dir='ltr'><strong>ad</strong></span> <span class='ocrx_word' id='word_1_20' title='bbox 1260 539 1329 583; x_wconf 88' lang='lat' dir='ltr'><strong>se</strong></span> <span class='ocrx_word' id='word_1_21' title='bbox 1364 511 1685 582; x_wconf 81' lang='lat' dir='ltr'><strong>trahunt:</strong></span> <span class='ocrx_word' id='word_1_22' title='bbox 1721 521 1799 579; x_wconf 88' lang='lat' dir='ltr'><strong>ut</strong></span> <span class='ocrx_word' id='word_1_23' title='bbox 1830 510 2003 581; x_wconf 87' lang='lat' dir='ltr'><strong>mihi</strong></span> <span class='ocrx_word' id='word_1_24' title='bbox 2086 590 2093 606; x_wconf 35' lang='grc' dir='ltr'>Ι</span> 
     </span>
     <span class='ocr_line' id='line_1_5' title="bbox 421 601 2008 696; baseline -0.001 -24"><span class='ocrx_word' id='word_1_25' title='bbox 421 604 770 673; x_wconf 81' lang='lat' dir='ltr'><strong>remittere</strong></span> <span class='ocrx_word' id='word_1_26' title='bbox 833 603 1062 695; x_wconf 77' lang='lat' dir='ltr'><strong>potius</strong></span> <span class='ocrx_word' id='word_1_27' title='bbox 1122 604 1439 696; x_wconf 82' lang='lat' dir='ltr'><strong>voluptas</strong></span> <span class='ocrx_word' id='word_1_28' title='bbox 1495 603 1625 672; x_wconf 88' lang='lat' dir='ltr'><strong>ista</strong></span> <span class='ocrx_word' id='word_1_29' title='bbox 1686 601 2008 671; x_wconf 86' lang='lat' dir='ltr'><strong>videatur</strong></span> 
     </span>
     <span class='ocr_line' id='line_1_6' title="bbox 423 692 2007 799; baseline -0.003 -35"><span class='ocrx_word' id='word_1_30' title='bbox 423 695 932 788; x_wconf 79' lang='lat' dir='ltr'><strong>cogitationem,</strong></span> <span class='ocrx_word' id='word_1_31' title='bbox 952 721 1155 799; x_wconf 82' lang='lat' dir='ltr'><strong>quam</strong></span> <span class='ocrx_word' id='word_1_32' title='bbox 1182 693 1564 764; x_wconf 75' lang='lat' dir='ltr'><strong>intendere.</strong></span> <span class='ocrx_word' id='word_1_33' title='bbox 1591 692 2007 762; x_wconf 85' lang='lat' dir='ltr'><strong>Demosthe-</strong></span> 
     </span>
     <span class='ocr_line' id='line_1_7' title="bbox 419 782 2007 876; baseline -0.001 -23"><span class='ocrx_word' id='word_1_34' title='bbox 419 795 543 854; x_wconf 78' lang='lat' dir='ltr'><strong>nes</strong></span> <span class='ocrx_word' id='word_1_35' title='bbox 579 786 816 855; x_wconf 86' lang='lat' dir='ltr'><strong>melius</strong></span> <span class='ocrx_word' id='word_1_36' title='bbox 837 810 989 876; x_wconf 76' lang='lat' dir='ltr'><strong>‚qui</strong></span> <span class='ocrx_word' id='word_1_37' title='bbox 1020 811 1090 855; x_wconf 88' lang='lat' dir='ltr'><strong>se</strong></span> <span class='ocrx_word' id='word_1_38' title='bbox 1123 787 1196 856; x_wconf 91' lang='lat' dir='ltr'><strong>in</strong></span> <span class='ocrx_word' id='word_1_39' title='bbox 1231 785 1494 869; x_wconf 82' lang='lat' dir='ltr'><strong>locum,</strong></span> <span class='ocrx_word' id='word_1_40' title='bbox 1526 809 1604 853; x_wconf 84' lang='lat' dir='ltr'><strong>ex</strong></span> <span class='ocrx_word' id='word_1_41' title='bbox 1638 809 1775 876; x_wconf 91' lang='lat' dir='ltr'><strong>quo</strong></span> <span class='ocrx_word' id='word_1_42' title='bbox 1808 782 2007 852; x_wconf 87' lang='lat' dir='ltr'><strong>nulla</strong></span> 
     </span>
     <span class='ocr_line' id='line_1_8' title="bbox 421 875 2001 968; baseline -0.002 -24"><span class='ocrx_word' id='word_1_43' title='bbox 421 876 728 946; x_wconf 86' lang='lat' dir='ltr'><strong>exaudiri</strong></span> <span class='ocrx_word' id='word_1_44' title='bbox 782 901 940 961; x_wconf 85' lang='lat' dir='ltr'><strong>vox,</strong></span> <span class='ocrx_word' id='word_1_45' title='bbox 983 875 1295 968; x_wconf 84' lang='lat' dir='ltr'><strong>nihilque</strong></span> <span class='ocrx_word' id='word_1_46' title='bbox 1357 875 1654 968; x_wconf 85' lang='lat' dir='ltr'><strong>prospici</strong></span> <span class='ocrx_word' id='word_1_47' title='bbox 1705 886 1933 965; x_wconf 85' lang='lat' dir='ltr'><strong>posset</strong></span> <span class='ocrx_word' id='word_1_48' title='bbox 1980 925 2001 959; x_wconf 87' lang='lat'><strong>‚</strong></span> 
     </span>
     <span class='ocr_line' id='line_1_9' title="bbox 419 967 2009 1058; baseline -0.001 -23"><span class='ocrx_word' id='word_1_49' title='bbox 419 967 880 1050; x_wconf 70' lang='lat' dir='ltr'><strong>recondebat,</strong></span> <span class='ocrx_word' id='word_1_50' title='bbox 928 992 1015 1038; x_wconf 89' lang='lat' dir='ltr'><strong>ne</strong></span> <span class='ocrx_word' id='word_1_51' title='bbox 1047 967 1241 1037; x_wconf 88' lang='lat' dir='ltr'><strong>aliud</strong></span> <span class='ocrx_word' id='word_1_52' title='bbox 1280 991 1478 1058; x_wconf 82' lang='lat' dir='ltr'><strong>agere</strong></span> <span class='ocrx_word' id='word_1_53' title='bbox 1524 976 1821 1036; x_wconf 79' lang='lat' dir='ltr'><strong>mentem</strong></span> <span class='ocrx_word' id='word_1_54' title='bbox 1868 989 2009 1035; x_wconf 84' lang='lat' dir='ltr'><strong>co-</strong></span> 
     </span>
    </p>
   </div>
   <div class='ocr_carea' id='block_1_2' title="bbox 417 1057 2005 1241">
    <p class='ocr_par' dir='ltr' id='par_1_3' title="bbox 417 1057 2005 1241">
     <span class='ocr_line' id='line_1_10' title="bbox 417 1057 1594 1149; baseline 0.003 -23"><span class='ocrx_word' id='word_1_55' title='bbox 417 1071 664 1149; x_wconf 78' lang='lat' dir='ltr'><strong>gerent</strong></span> <span class='ocrx_word' id='word_1_56' title='bbox 718 1057 928 1128; x_wconf 90' lang='lat' dir='ltr'><strong>oculi.</strong></span> <span class='ocrx_word' id='word_1_57' title='bbox 1592 1127 1594 1130; x_wconf 11' lang='grc' dir='ltr'><em>Α</em></span> 
     </span>
     <span class='ocr_line' id='line_1_11' title="bbox 513 1146 2005 1241; baseline -0.002 -22"><span class='ocrx_word' id='word_1_58' title='bbox 513 1155 598 1219; x_wconf 88' lang='lat' dir='ltr'><strong>V.</strong></span> <span class='ocrx_word' id='word_1_59' title='bbox 624 1149 919 1241; x_wconf 86' lang='lat' dir='ltr'><strong>Ideoque</strong></span> <span class='ocrx_word' id='word_1_60' title='bbox 946 1146 1385 1218; x_wconf 82' lang='lat' dir='ltr'><strong>lucubrantes</strong></span> <span class='ocrx_word' id='word_1_61' title='bbox 1404 1199 1423 1231; x_wconf 86' lang='lat'>‚</span> <span class='ocrx_word' id='word_1_62' title='bbox 1448 1146 1799 1217; x_wconf 87' lang='lat' dir='ltr'><strong>silentium</strong></span> <span class='ocrx_word' id='word_1_63' title='bbox 1832 1171 2005 1216; x_wconf 84' lang='lat' dir='ltr'><strong>noc·-</strong></span> 
     </span>
    </p>
   </div>
   <div class='ocr_carea' id='block_1_3' title="bbox 401 1237 2003 3427">
    <p class='ocr_par' dir='ltr' id='par_1_4' title="bbox 405 1237 2003 2305">
     <span class='ocr_line' id='line_1_12' title="bbox 413 1237 2000 1325; baseline 0.001 -19"><span class='ocrx_word' id='word_1_64' title='bbox 413 1239 504 1308; x_wconf 83' lang='lat' dir='ltr'><strong>tis</strong></span> <span class='ocrx_word' id='word_1_65' title='bbox 523 1292 541 1325; x_wconf 85' lang='lat'>‚</span> <span class='ocrx_word' id='word_1_66' title='bbox 569 1252 638 1310; x_wconf 86' lang='lat' dir='ltr'><strong>et</strong></span> <span class='ocrx_word' id='word_1_67' title='bbox 659 1239 964 1309; x_wconf 87' lang='lat' dir='ltr'><strong>clausum</strong></span> <span class='ocrx_word' id='word_1_68' title='bbox 991 1238 1407 1322; x_wconf 79' lang='lat' dir='ltr'><strong>cubiculum,</strong></span> <span class='ocrx_word' id='word_1_69' title='bbox 1428 1251 1495 1308; x_wconf 86' lang='lat' dir='ltr'><strong>et</strong></span> <span class='ocrx_word' id='word_1_70' title='bbox 1522 1237 1751 1306; x_wconf 86' lang='lat' dir='ltr'><strong>lumen</strong></span> <span class='ocrx_word' id='word_1_71' title='bbox 1780 1261 2000 1308; x_wconf 86' lang='lat' dir='ltr'><strong>unum</strong></span> 
     </span>
     <span class='ocr_line' id='line_1_13' title="bbox 413 1329 2003 1398; baseline 0 0"><span class='ocrx_word' id='word_1_72' title='bbox 413 1330 605 1398; x_wconf 82' lang='lat' dir='ltr'><strong>velut</strong></span> <span class='ocrx_word' id='word_1_73' title='bbox 647 1342 860 1398; x_wconf 82' lang='lat' dir='ltr'><strong>tectos</strong></span> <span class='ocrx_word' id='word_1_74' title='bbox 903 1329 1190 1398; x_wconf 81' lang='lat' dir='ltr'><strong>maxime</strong></span> <span class='ocrx_word' id='word_1_75' title='bbox 1239 1341 1491 1398; x_wconf 85' lang='lat' dir='ltr'><strong>teneat.</strong></span> <span class='ocrx_word' id='word_1_76' title='bbox 1522 1330 1655 1398; x_wconf 87' lang='lat' dir='ltr'><strong>Sed</strong></span> <span class='ocrx_word' id='word_1_77' title='bbox 1704 1353 1857 1398; x_wconf 86' lang='lat' dir='ltr'><strong>cum</strong></span> <span class='ocrx_word' id='word_1_78' title='bbox 1926 1330 2003 1398; x_wconf 88' lang='lat' dir='ltr'><strong>in</strong></span> 
     </span>
     <span class='ocr_line' id='line_1_14' title="bbox 414 1418 2002 1511; baseline 0 -23"><span class='ocrx_word' id='word_1_79' title='bbox 414 1420 603 1488; x_wconf 88' lang='lat' dir='ltr'><strong>omni</strong></span> <span class='ocrx_word' id='word_1_80' title='bbox 639 1419 1024 1488; x_wconf 88' lang='lat' dir='ltr'><strong>studiorum</strong></span> <span class='ocrx_word' id='word_1_81' title='bbox 1047 1443 1295 1510; x_wconf 85' lang='lat' dir='ltr'><strong>genere</strong></span> <span class='ocrx_word' id='word_1_82' title='bbox 1318 1470 1341 1502; x_wconf 77' lang='lat'>‚</span> <span class='ocrx_word' id='word_1_83' title='bbox 1368 1430 1513 1487; x_wconf 88' lang='lat' dir='ltr'><strong>tum</strong></span> <span class='ocrx_word' id='word_1_84' title='bbox 1546 1418 1620 1487; x_wconf 90' lang='lat' dir='ltr'><strong>in</strong></span> <span class='ocrx_word' id='word_1_85' title='bbox 1661 1419 1795 1488; x_wconf 91' lang='lat' dir='ltr'><strong>hoc</strong></span> <span class='ocrx_word' id='word_1_86' title='bbox 1826 1445 2002 1511; x_wconf 84' lang='lat' dir='ltr'><strong>prae·</strong></span> 
     </span>
     <span class='ocr_line' id='line_1_15' title="bbox 412 1507 1991 1601; baseline 0.001 -23"><span class='ocrx_word' id='word_1_87' title='bbox 412 1510 611 1601; x_wconf 90' lang='lat' dir='ltr'><strong>cipue</strong></span> <span class='ocrx_word' id='word_1_88' title='bbox 640 1510 824 1580; x_wconf 88' lang='lat' dir='ltr'><strong>bona</strong></span> <span class='ocrx_word' id='word_1_89' title='bbox 847 1507 1193 1591; x_wconf 80' lang='lat' dir='ltr'><strong>valetudo,</strong></span> <span class='ocrx_word' id='word_1_90' title='bbox 1222 1534 1502 1601; x_wconf 85' lang='lat' dir='ltr'><strong>quaeque</strong></span> <span class='ocrx_word' id='word_1_91' title='bbox 1529 1535 1676 1578; x_wconf 89' lang='lat' dir='ltr'><strong>eam</strong></span> <span class='ocrx_word' id='word_1_92' title='bbox 1698 1511 1991 1580; x_wconf 82' lang='lat' dir='ltr'><strong>maxime</strong></span> 
     </span>
     <span class='ocr_line' id='line_1_16' title="bbox 409 1599 1999 1707; baseline 0.003 -39"><span class='ocrx_word' id='word_1_93' title='bbox 409 1614 685 1692; x_wconf 66' lang='lat' dir='ltr'><strong>praestat</strong></span> <span class='ocrx_word' id='word_1_94' title='bbox 708 1656 727 1686; x_wconf 90' lang='lat'><strong><em>,</em></strong></span> <span class='ocrx_word' id='word_1_95' title='bbox 753 1599 1121 1707; x_wconf 77' lang='lat' dir='ltr'><strong>&#39;frugalitas</strong></span> <span class='ocrx_word' id='word_1_96' title='bbox 1146 1653 1166 1683; x_wconf 84' lang='lat'>‚</span> <span class='ocrx_word' id='word_1_97' title='bbox 1207 1599 1587 1670; x_wconf 87' lang='lat' dir='ltr'><strong>necessaria</strong></span> <span class='ocrx_word' id='word_1_98' title='bbox 1638 1612 1739 1669; x_wconf 85' lang='lat' dir='ltr'><strong>est</strong></span> <span class='ocrx_word' id='word_1_99' title='bbox 1775 1627 1791 1668; x_wconf 72' lang='grc' dir='ltr'><strong>ε</strong></span> <span class='ocrx_word' id='word_1_100' title='bbox 1838 1627 1999 1672; x_wconf 88' lang='lat' dir='ltr'><strong>cum</strong></span> 
     </span>
     <span class='ocr_line' id='line_1_17' title="bbox 408 1690 1998 1785; baseline 0.001 -25"><span class='ocrx_word' id='word_1_101' title='bbox 408 1703 720 1784; x_wconf 79' lang='lat' dir='ltr'><strong>tempora</strong></span> <span class='ocrx_word' id='word_1_102' title='bbox 752 1692 837 1761; x_wconf 88' lang='lat' dir='ltr'><strong>ab</strong></span> <span class='ocrx_word' id='word_1_103' title='bbox 878 1717 1024 1785; x_wconf 77' lang='lat' dir='ltr'><strong>ipsa</strong></span> <span class='ocrx_word' id='word_1_104' title='bbox 1057 1707 1284 1760; x_wconf 81' lang='lat' dir='ltr'><strong>rerum</strong></span> <span class='ocrx_word' id='word_1_105' title='bbox 1310 1704 1555 1761; x_wconf 85' lang='lat' dir='ltr'><strong>natura</strong></span> <span class='ocrx_word' id='word_1_106' title='bbox 1580 1690 1665 1760; x_wconf 84' lang='lat' dir='ltr'><strong>ad</strong></span> <span class='ocrx_word' id='word_1_107' title='bbox 1689 1691 1998 1782; x_wconf 85' lang='lat' dir='ltr'><strong>quietem</strong></span> 
     </span>
     <span class='ocr_line' id='line_1_18' title="bbox 408 1781 1999 1876; baseline 0.002 -25"><span class='ocrx_word' id='word_1_108' title='bbox 408 1784 994 1876; x_wconf 84' lang='lat' dir='ltr'><strong>refectionemque</strong></span> <span class='ocrx_word' id='word_1_109' title='bbox 1021 1781 1223 1850; x_wconf 86' lang='lat' dir='ltr'><strong>nobis</strong></span> <span class='ocrx_word' id='word_1_110' title='bbox 1248 1781 1442 1866; x_wconf 79' lang='lat' dir='ltr'><strong>data,</strong></span> <span class='ocrx_word' id='word_1_111' title='bbox 1477 1783 1549 1852; x_wconf 88' lang='lat' dir='ltr'><strong>in</strong></span> <span class='ocrx_word' id='word_1_112' title='bbox 1585 1781 1999 1854; x_wconf 84' lang='lat' dir='ltr'><strong>acerrimum</strong></span> 
     </span>
     <span class='ocr_line' id='line_1_19' title="bbox 405 1872 1997 1965; baseline 0.003 -23"><span class='ocrx_word' id='word_1_113' title='bbox 405 1872 715 1943; x_wconf 85' lang='lat' dir='ltr'><strong>laborem</strong></span> <span class='ocrx_word' id='word_1_114' title='bbox 754 1873 1236 1945; x_wconf 85' lang='lat' dir='ltr'><strong>convertimus.</strong></span> <span class='ocrx_word' id='word_1_115' title='bbox 1256 1872 1385 1944; x_wconf 88' lang='lat' dir='ltr'><strong>Cui</strong></span> <span class='ocrx_word' id='word_1_116' title='bbox 1408 1886 1635 1943; x_wconf 86' lang='lat' dir='ltr'><strong>tamen</strong></span> <span class='ocrx_word' id='word_1_117' title='bbox 1661 1898 1805 1941; x_wconf 87' lang='lat' dir='ltr'><strong>non</strong></span> <span class='ocrx_word' id='word_1_118' title='bbox 1834 1873 1997 1965; x_wconf 85' lang='lat' dir='ltr'><strong>plus</strong></span> 
     </span>
     <span class='ocr_line' id='line_1_20' title="bbox 407 1962 1996 2057; baseline 0.002 -24"><span class='ocrx_word' id='word_1_119' title='bbox 407 1962 856 2057; x_wconf 85' lang='lat' dir='ltr'><strong>irrogandum</strong></span> <span class='ocrx_word' id='word_1_120' title='bbox 908 1976 1044 2048; x_wconf 84' lang='lat' dir='ltr'><strong>est,</strong></span> <span class='ocrx_word' id='word_1_121' title='bbox 1106 1989 1311 2056; x_wconf 89' lang='lat' dir='ltr'><strong>quam</strong></span> <span class='ocrx_word' id='word_1_122' title='bbox 1360 1962 1545 2057; x_wconf 90' lang='lat' dir='ltr'><strong>quod</strong></span> <span class='ocrx_word' id='word_1_123' title='bbox 1592 1988 1832 2034; x_wconf 87' lang='lat' dir='ltr'><strong>somno</strong></span> <span class='ocrx_word' id='word_1_124' title='bbox 1874 1992 1996 2036; x_wconf 85' lang='lat' dir='ltr'><strong>su-</strong></span> 
     </span>
     <span class='ocr_line' id='line_1_21' title="bbox 405 2054 1996 2147; baseline 0.002 -24"><span class='ocrx_word' id='word_1_125' title='bbox 405 2057 711 2147; x_wconf 84' lang='lat' dir='ltr'><strong>pererit,</strong></span> <span class='ocrx_word' id='word_1_126' title='bbox 748 2054 935 2125; x_wconf 87' lang='lat' dir='ltr'><strong>haud</strong></span> <span class='ocrx_word' id='word_1_127' title='bbox 985 2055 1227 2125; x_wconf 86' lang='lat' dir='ltr'><strong>deerit.</strong></span> <span class='ocrx_word' id='word_1_128' title='bbox 1278 2055 1526 2127; x_wconf 84' lang='lat' dir='ltr'><strong>Obstat</strong></span> <span class='ocrx_word' id='word_1_129' title='bbox 1570 2056 1755 2125; x_wconf 89' lang='lat' dir='ltr'><strong>enim</strong></span> <span class='ocrx_word' id='word_1_130' title='bbox 1810 2054 1996 2127; x_wconf 83' lang='lat' dir='ltr'><strong>dili-</strong></span> 
     </span>
     <span class='ocr_line' id='line_1_22' title="bbox 405 2145 1993 2305; baseline 0.003 -90"><span class='ocrx_word' id='word_1_131' title='bbox 405 2146 652 2305; x_wconf 52' lang='lat' dir='ltr'><strong>gentiae</strong></span> <span class='ocrx_word' id='word_1_132' title='bbox 679 2146 1025 2219; x_wconf 87' lang='lat' dir='ltr'><strong>scribendi</strong></span> <span class='ocrx_word' id='word_1_133' title='bbox 1051 2145 1259 2215; x_wconf 85' lang='lat' dir='ltr'><strong>etiam</strong></span> <span class='ocrx_word' id='word_1_134' title='bbox 1285 2145 1599 2240; x_wconf 84' lang='lat' dir='ltr'><strong>fatigatio</strong></span> <span class='ocrx_word' id='word_1_135' title='bbox 1626 2174 1642 2215; x_wconf 76' lang='lat' dir='ltr'>z</span> <span class='ocrx_word' id='word_1_136' title='bbox 1674 2159 1742 2215; x_wconf 89' lang='lat' dir='ltr'><strong>et</strong></span> <span class='ocrx_word' id='word_1_137' title='bbox 1774 2146 1993 2219; x_wconf 86' lang='lat' dir='ltr'><strong>abun·-</strong></span> 
     </span>
    </p>

    <p class='ocr_par' dir='ltr' id='par_1_5' title="bbox 403 2237 1991 2693">
     <span class='ocr_line' id='line_1_23' title="bbox 457 2237 1991 2329; baseline 0.003 -24"><span class='ocrx_word' id='word_1_138' title='bbox 457 2264 494 2305; x_wconf 91' lang='lat' dir='ltr'><strong>e</strong></span> <span class='ocrx_word' id='word_1_139' title='bbox 519 2290 540 2321; x_wconf 89' lang='lat'><strong>,</strong></span> <span class='ocrx_word' id='word_1_140' title='bbox 579 2239 636 2308; x_wconf 87' lang='lat' dir='ltr'><strong>si</strong></span> <span class='ocrx_word' id='word_1_141' title='bbox 668 2250 903 2324; x_wconf 86' lang='lat' dir='ltr'><strong>vacet,</strong></span> <span class='ocrx_word' id='word_1_142' title='bbox 939 2237 1111 2307; x_wconf 90' lang='lat' dir='ltr'><strong>lucis</strong></span> <span class='ocrx_word' id='word_1_143' title='bbox 1146 2237 1363 2329; x_wconf 87' lang='lat' dir='ltr'><strong>spatia</strong></span> <span class='ocrx_word' id='word_1_144' title='bbox 1404 2237 1756 2329; x_wconf 83' lang='lat' dir='ltr'><strong>sufficiunt</strong></span> <span class='ocrx_word' id='word_1_145' title='bbox 1789 2264 1804 2305; x_wconf 75' lang='grc' dir='ltr'><strong><em>ε</em></strong></span> <span class='ocrx_word' id='word_1_146' title='bbox 1836 2258 1991 2309; x_wconf 72' lang='grc' dir='ltr'><strong>ὀε-</strong></span> 
     </span>
     <span class='ocr_line' id='line_1_24' title="bbox 406 2329 1987 2421; baseline 0.003 -25"><span class='ocrx_word' id='word_1_147' title='bbox 406 2342 688 2418; x_wconf 84' lang='lat' dir='ltr'><strong>cupatos</strong></span> <span class='ocrx_word' id='word_1_148' title='bbox 742 2330 812 2399; x_wconf 91' lang='lat' dir='ltr'><strong>in</strong></span> <span class='ocrx_word' id='word_1_149' title='bbox 884 2340 1157 2399; x_wconf 86' lang='lat' dir='ltr'><strong>noctem</strong></span> <span class='ocrx_word' id='word_1_150' title='bbox 1214 2329 1581 2399; x_wconf 85' lang='lat' dir='ltr'><strong>necessitas</strong></span> <span class='ocrx_word' id='word_1_151' title='bbox 1611 2350 1615 2355; x_wconf 84' lang='grc'><em>·</em></span> <span class='ocrx_word' id='word_1_152' title='bbox 1642 2329 1803 2421; x_wconf 85' lang='lat' dir='ltr'><strong>agit.</strong></span> <span class='ocrx_word' id='word_1_153' title='bbox 1830 2335 1987 2401; x_wconf 79' lang='lat' dir='ltr'><strong>Est</strong></span> 
     </span>
     <span class='ocr_line' id='line_1_25' title="bbox 404 2420 1985 2511; baseline 0.003 -24"><span class='ocrx_word' id='word_1_154' title='bbox 404 2430 634 2489; x_wconf 84' lang='lat' dir='ltr'><strong>tamen</strong></span> <span class='ocrx_word' id='word_1_155' title='bbox 676 2420 1064 2493; x_wconf 83' lang='lat' dir='ltr'><strong>lucubratio</strong></span> <span class='ocrx_word' id='word_1_156' title='bbox 1085 2471 1105 2504; x_wconf 85' lang='lat'><strong>‚</strong></span> <span class='ocrx_word' id='word_1_157' title='bbox 1134 2420 1402 2511; x_wconf 86' lang='lat' dir='ltr'><strong>quoties</strong></span> <span class='ocrx_word' id='word_1_158' title='bbox 1430 2420 1515 2489; x_wconf 88' lang='lat' dir='ltr'><strong>ad</strong></span> <span class='ocrx_word' id='word_1_159' title='bbox 1550 2446 1696 2489; x_wconf 87' lang='lat' dir='ltr'><strong>eam</strong></span> <span class='ocrx_word' id='word_1_160' title='bbox 1730 2420 1985 2511; x_wconf 79' lang='lat' dir='ltr'><strong>integri</strong></span> 
     </span>
     <span class='ocr_line' id='line_1_26' title="bbox 405 2511 1984 2603; baseline 0.002 -24"><span class='ocrx_word' id='word_1_161' title='bbox 405 2535 487 2579; x_wconf 90' lang='lat' dir='ltr'><strong>ac</strong></span> <span class='ocrx_word' id='word_1_162' title='bbox 561 2513 798 2583; x_wconf 87' lang='lat' dir='ltr'><strong>refecti</strong></span> <span class='ocrx_word' id='word_1_163' title='bbox 861 2511 1174 2593; x_wconf 58' lang='lat' dir='ltr'><strong>venimus</strong></span> <span class='ocrx_word' id='word_1_164' title='bbox 1220 2564 1239 2597; x_wconf 86' lang='lat'>‚</span> <span class='ocrx_word' id='word_1_165' title='bbox 1325 2511 1659 2603; x_wconf 86' lang='lat' dir='ltr'><strong>optimum</strong></span> <span class='ocrx_word' id='word_1_166' title='bbox 1738 2512 1984 2582; x_wconf 82' lang='lat' dir='ltr'><strong>secreti</strong></span> 
     </span>
     <span class='ocr_line' id='line_1_27' title="bbox 403 2627 642 2693; baseline 0.008 -22"><span class='ocrx_word' id='word_1_167' title='bbox 403 2627 642 2693; x_wconf 83' lang='lat' dir='ltr'><strong>genus.</strong></span> 
     </span>
    </p>

    <p class='ocr_par' dir='ltr' id='par_1_6' title="bbox 401 2692 1981 3427">
     <span class='ocr_line' id='line_1_28' title="bbox 495 2692 1979 2779; baseline 0.003 -18"><span class='ocrx_word' id='word_1_168' title='bbox 495 2693 629 2763; x_wconf 86' lang='lat' dir='ltr'><strong>Sed</strong></span> <span class='ocrx_word' id='word_1_169' title='bbox 672 2692 1020 2764; x_wconf 89' lang='lat' dir='ltr'><strong>silentium</strong></span> <span class='ocrx_word' id='word_1_170' title='bbox 1056 2706 1123 2763; x_wconf 91' lang='lat' dir='ltr'><strong>et</strong></span> <span class='ocrx_word' id='word_1_171' title='bbox 1170 2720 1508 2779; x_wconf 83' lang='lat' dir='ltr'><strong>secessus,</strong></span> <span class='ocrx_word' id='word_1_172' title='bbox 1554 2706 1625 2763; x_wconf 81' lang='lat' dir='ltr'><strong>et</strong></span> <span class='ocrx_word' id='word_1_173' title='bbox 1670 2693 1837 2765; x_wconf 89' lang='lat' dir='ltr'><strong>undi</strong></span> <span class='ocrx_word' id='word_1_174' title='bbox 1892 2720 1979 2765; x_wconf 87' lang='lat' dir='ltr'><strong>ue</strong></span> 
     </span>
     <span class='ocr_line' id='line_1_29' title="bbox 403 2780 1977 2879; baseline 0.003 -30"><span class='ocrx_word' id='word_1_175' title='bbox 403 2780 581 2852; x_wconf 87' lang='lat' dir='ltr'><strong>liber</strong></span> <span class='ocrx_word' id='word_1_176' title='bbox 613 2785 920 2868; x_wconf 84' lang='lat' dir='ltr'><strong>animus,</strong></span> <span class='ocrx_word' id='word_1_177' title='bbox 972 2797 1049 2855; x_wconf 77' lang='lat' dir='ltr'><strong>ut</strong></span> <span class='ocrx_word' id='word_1_178' title='bbox 1092 2780 1255 2854; x_wconf 73' lang='lat' dir='ltr'><strong>&#39;sunt</strong></span> <span class='ocrx_word' id='word_1_179' title='bbox 1300 2786 1583 2855; x_wconf 84' lang='lat' dir='ltr'><strong>maxime</strong></span> <span class='ocrx_word' id='word_1_180' title='bbox 1620 2798 1826 2879; x_wconf 87' lang='lat' dir='ltr'><strong>optan</strong></span> <span class='ocrx_word' id='word_1_181' title='bbox 1882 2792 1921 2854; x_wconf 79' lang='lat' dir='ltr'><strong>a</strong></span> <span class='ocrx_word' id='word_1_182' title='bbox 1954 2838 1977 2868; x_wconf 89' lang='lat'>,</span> 
     </span>
     <span class='ocr_line' id='line_1_30' title="bbox 403 2872 1981 2969; baseline 0.002 -28"><span class='ocrx_word' id='word_1_183' title='bbox 403 2872 501 2942; x_wconf 84' lang='lat' dir='ltr'><strong>ita</strong></span> <span class='ocrx_word' id='word_1_184' title='bbox 531 2899 672 2942; x_wconf 89' lang='lat' dir='ltr'><strong>non</strong></span> <span class='ocrx_word' id='word_1_185' title='bbox 706 2887 990 2967; x_wconf 87' lang='lat' dir='ltr'><strong>possunt</strong></span> <span class='ocrx_word' id='word_1_186' title='bbox 1021 2902 1287 2967; x_wconf 86' lang='lat' dir='ltr'><strong>semper</strong></span> <span class='ocrx_word' id='word_1_187' title='bbox 1317 2878 1753 2969; x_wconf 84' lang='lat' dir='ltr'><strong>contingere:</strong></span> <span class='ocrx_word' id='word_1_188' title='bbox 1787 2876 1981 2945; x_wconf 87' lang='lat' dir='ltr'><strong>ideo-</strong></span> 
     </span>
     <span class='ocr_line' id='line_1_31' title="bbox 403 2962 1975 3060; baseline 0.003 -28"><span class='ocrx_word' id='word_1_189' title='bbox 403 2990 536 3056; x_wconf 89' lang='lat' dir='ltr'><strong>que</strong></span> <span class='ocrx_word' id='word_1_190' title='bbox 577 2991 717 3035; x_wconf 90' lang='lat' dir='ltr'><strong>non</strong></span> <span class='ocrx_word' id='word_1_191' title='bbox 759 2967 1023 3048; x_wconf 81' lang='lat' dir='ltr'><strong>statim,</strong></span> <span class='ocrx_word' id='word_1_192' title='bbox 1061 2966 1117 3035; x_wconf 91' lang='lat' dir='ltr'><strong>si</strong></span> <span class='ocrx_word' id='word_1_193' title='bbox 1166 2966 1331 3058; x_wconf 87' lang='lat' dir='ltr'><strong>quid</strong></span> <span class='ocrx_word' id='word_1_194' title='bbox 1378 2962 1766 3060; x_wconf 60' lang='lat' dir='ltr'><strong>obstrepet{</strong></span> <span class='ocrx_word' id='word_1_195' title='bbox 1801 2966 1975 3055; x_wconf 81' lang='lat' dir='ltr'><strong>abji-</strong></span> 
     </span>
     <span class='ocr_line' id='line_1_32' title="bbox 405 3055 1969 3150; baseline 0.001 -25"><span class='ocrx_word' id='word_1_196' title='bbox 405 3056 630 3127; x_wconf 87' lang='lat' dir='ltr'><strong>ciendi</strong></span> <span class='ocrx_word' id='word_1_197' title='bbox 659 3055 926 3126; x_wconf 88' lang='lat' dir='ltr'><strong>codices</strong></span> <span class='ocrx_word' id='word_1_198' title='bbox 952 3069 1185 3141; x_wconf 82' lang='lat' dir='ltr'><strong>erunt,</strong></span> <span class='ocrx_word' id='word_1_199' title='bbox 1213 3069 1282 3126; x_wconf 84' lang='lat' dir='ltr'><strong>et</strong></span> <span class='ocrx_word' id='word_1_200' title='bbox 1306 3058 1766 3150; x_wconf 88' lang='lat' dir='ltr'><strong>deplorandus</strong></span> <span class='ocrx_word' id='word_1_201' title='bbox 1791 3057 1969 3127; x_wconf 83' lang='lat' dir='ltr'><strong>dies:</strong></span> 
     </span>
     <span class='ocr_line' id='line_1_33' title="bbox 401 3147 1969 3241; baseline 0.003 -28"><span class='ocrx_word' id='word_1_202' title='bbox 401 3174 638 3217; x_wconf 84' lang='lat' dir='ltr'><strong>verum</strong></span> <span class='ocrx_word' id='word_1_203' title='bbox 672 3147 1122 3217; x_wconf 85' lang='lat' dir='ltr'><strong>incommodis</strong></span> <span class='ocrx_word' id='word_1_204' title='bbox 1156 3150 1717 3241; x_wconf 80' lang='lat' dir='ltr'><strong>repugnandum,</strong></span> <span class='ocrx_word' id='word_1_205' title='bbox 1758 3162 1825 3218; x_wconf 82' lang='lat' dir='ltr'><strong>et</strong></span> <span class='ocrx_word' id='word_1_206' title='bbox 1858 3147 1969 3217; x_wconf 89' lang='lat' dir='ltr'><strong>hic</strong></span> 
     </span>
     <span class='ocr_line' id='line_1_34' title="bbox 402 3239 1967 3335; baseline -0.001 -26"><span class='ocrx_word' id='word_1_207' title='bbox 402 3239 756 3310; x_wconf 84' lang='lat' dir='ltr'><strong>faciendus</strong></span> <span class='ocrx_word' id='word_1_208' title='bbox 801 3264 961 3308; x_wconf 89' lang='lat' dir='ltr'><strong>usus</strong></span> <span class='ocrx_word' id='word_1_209' title='bbox 999 3291 1018 3321; x_wconf 88' lang='lat'>,</span> <span class='ocrx_word' id='word_1_210' title='bbox 1077 3252 1154 3308; x_wconf 84' lang='lat' dir='ltr'><strong>ut</strong></span> <span class='ocrx_word' id='word_1_211' title='bbox 1209 3240 1438 3310; x_wconf 88' lang='lat' dir='ltr'><strong>omnia</strong></span> <span class='ocrx_word' id='word_1_212' title='bbox 1466 3294 1485 3325; x_wconf 83' lang='lat'><em>‚</em></span> <span class='ocrx_word' id='word_1_213' title='bbox 1542 3241 1967 3335; x_wconf 73' lang='lat' dir='ltr'><strong>quae²impe-</strong></span> 
     </span>
     <span class='ocr_line' id='line_1_35' title="bbox 402 3330 1965 3427; baseline -0.001 -25"><span class='ocrx_word' id='word_1_214' title='bbox 402 3331 638 3418; x_wconf 84' lang='lat' dir='ltr'><strong>diunt,</strong></span> <span class='ocrx_word' id='word_1_215' title='bbox 666 3332 894 3404; x_wconf 84' lang='lat' dir='ltr'><strong>vincat</strong></span> <span class='ocrx_word' id='word_1_216' title='bbox 915 3330 1245 3405; x_wconf 83' lang='lat' dir='ltr'><strong>intentio:</strong></span> <span class='ocrx_word' id='word_1_217' title='bbox 1274 3358 1475 3427; x_wconf 88' lang='lat' dir='ltr'><strong>quam</strong></span> <span class='ocrx_word' id='word_1_218' title='bbox 1500 3334 1554 3403; x_wconf 90' lang='lat' dir='ltr'><strong>si</strong></span> <span class='ocrx_word' id='word_1_219' title='bbox 1576 3346 1719 3405; x_wconf 84' lang='lat' dir='ltr'><strong>tota</strong></span> <span class='ocrx_word' id='word_1_220' title='bbox 1742 3342 1965 3405; x_wconf 82' lang='lat' dir='ltr'><strong>mente</strong></span> 
     </span>
    </p>
   </div>
  </div>
 </body>
</html>
