2188 3757
353 193 519 260 356·
632 251 639 258 .
725 195 910 260 Lus.
956 194 1135 259 XII.
1185 193 1371 260 Car.
1419 193 1672 276 VIII.v

352 294 631 351 vocatus
677 280 919 373 plura,
984 278 1748 371 quam-ostenduntur,
1809 303 1934 350 as·-

354 373 590 465 piciat.
1755 383 1762 388 '

358 524 367 535 -
444 487 654 561 Nam,
690 503 842 547 cum
875 478 1037 547 satis
1073 478 1143 547 in
1187 476 1534 548 audiendo
1580 477 1932 572 patientiae

354 569 800 661 impenderit,
842 569 910 638 in
956 569 1160 646 aliam
1201 593 1432 638 rursus
1469 569 1529 638 ei
1567 595 1932 661 personam

350 660 845 729 transeundum
890 673 1049 744 est3
1113 660 1550 753 agendusque
1599 660 1934 732 adversa-

355 750 546 835 rius,
604 750 1128 844 proponendum
1164 769 1196 836 ,’
1247 751 1576 844 quicquid
1641 751 1931 820 omnino

312 892 317 898 -
354 842 721 934 excogitari
768 853 1006 910 cont-ra
1040 855 1295 934 potest,
1322 841 1649 936 quicquid
1678 842 1928 934 recipit

357 931 425 1001 in
467 931 798 1019 ejusmodi
850 931 1348 1026 disceptatione
1381 944 1647 1004 natura.
1696 939 1935 1002 Inter-

356 1023 702 1116 rogandus
733 1049 938 1116 quam
972 1023 1445 1106 infestissime,
1497 1049 1574 1093 ac
1618 1049 1933 1116 premen-

356 1112 506 1182 dus.
568 1121 775 1198 Nam,
833 1113 995 1183 dum
1050 1113 1280 1184 omnia
1332 1113 1728 1222 quaerimus,
1769 1114 1930 1184 ··a·li-

356 1204 633 1308 quando
688 1204 774 1273 ad
808 1230 1080 1311 verum,
1129 1205 1246 1279 ubi
1291 1206 1570 1276 minime
1603 1214 1934 1302 ,expecta-

354 1319 615 1379 vimus,
652 1319 1110 1386 pervenimus.
1775 1309 1784 1318 ‘

446 1407 524 1470 In
558 1427 815 1471 summa
838 1454 857 1486 ‚
890 1403 1191 1495 optimus
1240 1415 1341 1473 est
1377 1403 1449 1474 in
1485 1401 1778 1476 dicendo
1809 1428 1934 1496 pa-

353 1501 596 1561 tronus
621 1489 1404 1586 incredulus.Promittit
1421 1495 1602 1566 enim
1628 1493 1934 1588 litigator

358 1581 590 1652 omnia
628 1636 648 1668 ‚
713 1594 951 1654 testem
1016 1583 1345 1679 populum
1388 1639 1407 1669 ‚
1470 1585 1932 1679 paratissimas

356 1673 943 1766 consignationes,
989 1677 1212 1768 ipsum
1265 1675 1558 1772 denique
1604 1675 1935 1748 adversa-

355 1762 537 1833 rium
594 1763 898 1856 q'uaedam
963 1792 1108 1835 non
1160 1779 1588 1858 negat’urum.
1737 1795 1776 1806 ‘

448 1872 561 1940 111.
616 1865 910 1963 Ideoque
947 1899 1131 1963 opus
1165 1874 1537 1955 estintueri
1561 1902 1761 1953 omne
1791 1873 1932 1947 litis

357 1958 921 2031 instrumentum:
958 1962 1140 2056 quod
1167 1964 1398 2037 videre
1426 1993 1562 2037 non
1595 1974 1695 2037 est
1723 1967 1886 2039 satis
1910 2020 1932 2051 ‚

244 2143 249 2147 ι
356 2051 844 2145 perlegendum
880 2056 1031 2124 erit.
1052 2060 1223 2126 Nam
1248 2056 1792 2151 frequentissime
1811 2056 1934 2131 aut

354 2168 494 2212 non
546 2155 705 2213 sunt
756 2145 1083 2231 omnino,
1123 2174 1270 2240 quae
1301 2150 1930 2242 promittebantur,

355 2248 472 2331 aut
496 2233 732 2338 ‘minus
767 2237 1126 2307 continent
1155 2291 1174 2323 ‚
1201 2252 1321 2311 aut
1345 2266 1500 2311 cum
1533 2240 1672 2311 alio
1697 2240 1932 2333 aliquo

356 2337 675 2394 nocituro
713 2328 1033 2416 permista
1080 2342 1242 2402 sunt
1265 2381 1284 2413 ‚
1329 2345 1448 2401 aut
1476 2332 1690 2402 nimia
1725 2343 1930 2415 sunt,

355 2416 423 2483 'et
456 2412 660 2484 fidem
693 2414 825 2485 hoc
885 2418 1032 2508 ipso
1084 2416 1475 2493 detractura
1506 2476 1525 2504 ‚
1567 2422 1754 2515 quod
1787 2448 1932 2511 non

353 2502 612 2593 habent
663 2506 964 2576 modum.
997 2511 1317 2603 Denique
1354 2519 1454 2599 (1)
1497 2514 1714 2585 linum
1749 2539 1932 2605 rup-

354 2606 539 2679 tum,
566 2608 683 2665 aut
708 2598 1047 2669 turbatam
1083 2626 1305 2672 ceram
1327 2656 1344 2688 ‚
1381 2617 1498 2674 aut
1545 2604 1692 2675 sine
1723 2606 1937 2697 agni-

354 2684 544 2755 tione
578 2686 769 2779 signa
796 2686 1188 2782 frequenter
1214 2694 1520 2765 invenies
1543 2724 1556 2764 :
1579 2722 1722 2789 quae
1741 2749 1760 2780 ‚
1795 2696 1934 2769 nisi

356 2773 540 2845 domi
584 2779 994 2864 excusseris,
1036 2782 1109 2852 in
1157 2784 1306 2855 foro
1356 2784 1712 2879 inopinata
1748 2786 1934 2857 deci-

410 2946 507 3025 ο(ι)
531 2949 843 3027 Consuetuglo
860 2966 961 3003 erat
983 2992 999 3019 ‚
1018 2968 1075 3005 ut
1101 2956 1170 3005 ait
1187 2958 1365 3009 Paulus
1418 2971 1473 3008 ut
1489 2960 1810 3010 instrumenta
1830 2958 1933 3027 tri-

351 3014 535 3082 plicato
552 3015 658 3065 huo
684 3026 1026 3082 trajicerentur
1041 3058 1060 3084 ‚
1076 3022 1163 3071 cui
1197 3022 1507 3089 signaculum
1529 3042 1596 3075 ex
1617 3044 1730 3076 cern
1755 3026 1934 3092 impo-

352 3080 575 3130 nebatur.
598 3081 673 3131 Eo
700 3082 877 3133 alludit
894 3085 1091 3135 Fabius.
1129 3086 1287 3139 Tum.
1329 3088 1605 3141 ,Turbatam
1623 3108 1787 3141 ceram
1807 3091 1932 3157 legit

352 3144 633 3223 Salmasius.
655 3145 781 3197 ‘Sine
796 3151 1048 3216 agnitione
1064 3189 1080 3216 ‚
1103 3146 1188 3201 aut
1205 3166 1260 3203 ut
1280 3154 1366 3203 alii
1394 3158 1616 3221 malunt,
1641 3160 1750 3207 sine
1781 3158 1936 3224 agni·

352 3218 455 3322 ze
472 3226 768 3324 ξιςιέἕαῖοεεῑ
790 3253 809 3281 ,
828 3232 946 3267 cum
966 3234 1115 3269 neme
1142 3237 1204 3271 ex
1224 3220 1422 3271 testibus
1446 3222 1647 3289 siguum
1671 3239 1814 3275 suum
1838 3239 1932 3289 ag-

442 3286 529 3325 en..
667 3292 717 3326 n.
