2188 3757
400 258 578 347 'Quis
609 276 684 328 ne
715 280 1007 328 Aomms
1052 280 1289 329 cAusxs
1326 278 1519 327 smw.
1614 262 1773 327 361·

177 350 606 425 audientium·
659 349 844 419 bono
894 362 1084 443 grata
1133 376 1149 417 τ
1203 375 1241 417 a
1288 348 1753 441 litigatoribus

177 443 454 538 quidem
487 443 884 533 frequenter
909 440 1238 546 exigitur,
1272 441 1389 532 qui
1422 441 1754 511 ultionem

177 534 486 617 malunt,
534 557 737 625 quam
793 530 1285 601 defensionem.
1338 530 1471 600 Sed
1531 558 1773 625 neq-ue·

178 626 309 696 alia
359 625 574 702 multa
617 624 704 695 ad
740 623 1102 702 arbitrium
1152 648 1389 692 eorum
1442 622 1757 693 facienda

177 730 356 787 sunt.
413 722 570 785 Hoc
617 716 894 807 quidem
937 715 1088 807 quis
1143 714 1497 783 hominum
1554 713 1755 785 liberi

179 806 381 878 modo
423 806 778 899 sanguinis
825 808 1196 889 sustineat,
1236 805 1565 899 ‘petulans
1610 832 1755 877 esse

179 900 267 969 ad
308 898 592 967 alterius
627 897 1041 966 arbitrium‘?

267 990 479 1081 Atqui
507 988 712 1059 etiam
741 988 810 1057 in
835 987 1200 1057 advocatos
1224 986 1437 1077 partis
1461 986 1759 1067 adversae

178 1080 477 1151 libenter
519 1078 842 1149 nonnulli
883 1078 1350 1169 invehuntur:
1388 1078 1573 1169 quod
1622 1079 1758 1150 nisi

179 1172 236 1241 si
286 1172 460 1242 forte
512 1185 911 1240 meruerunt
952 1222 972 1253 ‚
1042 1182 1108 1238 et
1160 1168 1612 1240 inhumanum
1657 1183 1761 1241 est

179 1275 491 1368 respectu
525 1261 996 1331 communium
1021 1259 1401 1331 officiorum
1430 1314 1449 1341 ‚
1491 1274 1559 1331 et
1602 1288 1759 1333 cum

181 1354 351 1447 ipsl,
401 1353 520 1445 qui
556 1353 724 1422 dicit
754 1404 772 1436 ‚
817 1351 1064 1435 inutile
1120 1358 1321 1435 (nam
1376 1352 1554 1423 idem
1587 1356 1760 1444 juris
1838 1405 1840 1407 -

179 1445 610 1535 responsuris
651 1444 900 1529 datur)
935 1496 954 1529 ‚
1010 1456 1160 1512 tum
1202 1468 1419 1514 causoe
1474 1458 1763 1515 eontra-

181 1536 404 1617 rium,
450 1534 612 1627 quia
659 1532 858 1625 plane
907 1546 974 1601 et
1007 1533 1374 1603 adversarii
1414 1532 1635 1619 fiunt,
1688 1550 1760 1607 et

181 1626 442 1695 inimici
473 1650 495 1710 ;
531 1637 600 1693 et
641 1624 1324 1717 quantulumcunque
1367 1623 1473 1694 his
1510 1626 1762 1700 virium

179 1730 278 1787 est
305 1769 324 1802 ‚
357 1716 774 1785 contumelia
805 1728 1115 1807 augetur.
1492 1772 1499 1779 .

269 1814 488 1901 Super
521 1807 752 1876 omnia
787 1808 964 1900 perit
999 1806 1116 1876 illa
1150 1861 1167 1890 ,
1204 1832 1351 1901 quae
1433 1806 1762 1882 lurimum

181 1900 441 1970 oratori
471 1913 542 1970 et
572 1900 998 1968 auctoritatis
1030 1912 1099 1969 et
1130 1899 1290 1971 fidei
1328 1926 1362 1968 a
1421 1915 1562 1987 ert,
1603 1930 1764 1974 mo-

182 1991 400 2074 destia
427 2045 447 2075 ‚
481 1991 536 2060 si
570 2017 608 2059 a
637 1991 785 2058 viro
819 1989 1005 2059 bono
1041 1991 1113 2058 in
1150 1991 1457 2060 rabulam
1490 1992 1764 2063 latrato-
1834 2035 1839 2041 >

179 2107 462 2174 remque
509 2080 974 2163 convertitur,
1025 2082 1441 2171 compositus
1488 2108 1625 2152 non
1676 2086 1767 2155 ad

180 2174 490 2244 animum
533 2171 820 2261 judicis,
861 2169 980 2240 sed
1025 2170 1113 2241 ad
1148 2171 1572 2242 stomachum
1611 2174 1767 2244 liti-

179 2264 460 2358 gatoris.
510 2270 936 2355 Frequenter
981 2263 1187 2332 etiam
1234 2263 1492 2354 species
1542 2263 1765 2336 liber-

107 2389 126 2402 x
180 2356 346 2440 tatis
379 2353 718 2424 deducere-
753 2352 839 2423 ad
885 2354 1336 2425 temeritatem
1369 2354 1542 2427 solet
1562 2385 1594 2441 ,“
1620 2383 1763 2428 non

177 2449 408 2518 causis
447 2443 689 2529 mod0‚
725 2445 844 2514 sed
875 2445 1042 2536 ipsis
1077 2471 1388 2550 quoque,
1425 2446 1540 2539 qui
1575 2447 1762 2523 dixe-

178 2551 378 2618 runt,
417 2535 888 2628 periculosam.
921 2543 1064 2606 Nee
1096 2538 1433 2606 immerito
1465 2538 1763 2610 Pericles

179 2627 450 2700 solebat
483 2639 758 2720 optare,
807 2653 894 2696 ne
945 2627 1155 2719 quod.
1187 2627 1318 2696 sibi
1359 2629 1641 2700 verbum
1686 2634 1759 2703 in

179 2733 483 2792 mentem
534 2719 845 2802 veniret,
901 2743 1038 2811 quo
1085 2718 1381 2810 populus
1442 2721 1714 2794 offendo
1746 2768 1767 2780 -

178 2824 398 2882 retur.
433 2809 564 2880 Sed
596 2809 782 2901 quod
814 2809 930 2888 ille
961 2809 1046 2878 de
1080 2809 1373 2901 populo,
1410 2810 1481 2881 id
1518 2840 1647 2907 ego
1677 2817 1761 2888 de

178 2901 510 2978 omnibus
557 2901 818 2984 sentio,
864 2901 982 2994 qui
1022 2901 1446 2972 tantumdem
1482 2923 1767 2995 possunt

176 3018 462 3068 nocere.
507 3000 680 3062 Nam
717 3017 862 3084 quae
910 2991 1157 3075 fortia,
1190 2992 1353 3064 dum
1400 2995 1765 3086 dicuntur,

175 3083 647 3169 videbantur,
695 3084 946 3170 stulta,
997 3107 1153 3156 eum
1206 3085 1567 3173 laeserunt,
1627 3117 1763 3176 vog-

183 3187 470 3247 cantur-
1724 3195 1729 3198 ·

279 3273 616 3336 111.Nunc
663 3264 823 3358 quia
853 3265 1118 3334 varium
1152 3265 1293 3334 sere
1339 3269 1763 3360 propositum

165 3359 536 3452 agentium
573 3357 742 3440 fuit,
775 3373 840 3426 et
870 3356 1319 3451 quorumdam
1353 3383 1512 3428 cura
1551 3364 1767 3434 tardi«

383 3449 588 3560 Tome
637 3447 717 3520 II
1327 3453 1393 3540 Q
