2188 3757
366 271 499 341 172
677 306 682 313 .
795 254 968 320 Lm.
1027 253 1119 319 X.
1188 254 1370 320 ΟΜ».
1432 256 1484 321 Ι.

285 426 290 431 ἡ
369 384 380 397 ·
453 346 572 429 Est
597 351 665 409 et
689 338 866 410 alius
899 366 978 409 ex
1005 340 1311 410 historiis
1354 366 1551 426 usuS‚
1594 354 1663 413 et
1692 342 1757 435 is·
1788 344 1949 439 qui-

284 434 288 439 ’
360 432 519 525 dem
577 432 904 501 maximus
935 484 956 516 ‚
998 430 1128 500 ‘sed
1196 456 1336 502 non
1404 432 1491 502 ad
1542 448 1945 525 praesentem

357 523 716 615 pertinens
778 523 1040 607 locum,
1102 548 1183 591 ex
1238 523 1635 617 cognitione
1708 550 1943 595 rerum

348 614 958 775 exemplorumaue
988 665 1007 698 ‚
1067 612 1318 706 quihus
1384 614 1717 707 imprimis
1784 618 1946 687 ins-

355 717 626 775 tructus
653 730 794 775 esse
877 704 1033 774 ebet
1059 718 1330 791 orator,
1376 729 1461 776 ne
1506 708 1737 775 omnia
1787 717 1947 777 tes-

355 796 650 869 timonia
683 808 950 887 expetat
977 822 1015 865 a
1043 794 1389 887 litigatore
1414 822 1437 879 3
1465 797 1582 867 sed
1616 798 1945 890 pleraque

357 914 440 957 ex
470 898 804 957 vetustate
832 884 1201 979 diligenter
1223 887 1352 958 sihi
1378 888 1651 981 cognita
1680 902 1942 971 sumat3

353 977 490 1051 hoc
516 977 908 1071 potentiora
933 1030 951 1063 ‚
975 974 1163 1070 quod
1198 1004 1278 1049 ea
1326 980 1472 1052 sola
1532 978 1945 1051 criminibus

365 1069 510 1163 odii
533 1081 603 1139 et
629 1069 859 1174 gratiae
894 1080 1164 1139 vacant.

447 1167 512 1231 A
539 1159 1117 1254 philosophorum
1158 1183 1320 1229 vero
1377 1157 1675 1231 lectione
1711 1173 1787 1231 ut
1833 1186 1946 1231 es—

331 1250 758 1343 .sent‘nobis
807 1250 1020 1319 multa
1070 1246 1401 1341 petenda,
1453 1251 1624 1321 vitio
1680 1253 1945 1323 factum

357 1356 456 1413 est
491 1346 878 1426 oratorum,
917 1340 1030 1433 qui
1059 1338 1335 1432 quidem
1368 1341 1511 1428 illis
1540 1343 1797 1434 optima
1827 1344 1943 1413 sui

356 1433 586 1525 operis
628 1445 818 1525 parte
859 1443 1233 1509 cesserunt.
1274 1438 1447 1502 Nam
1480 1446 1548 1501 et
1598 1430 1713 1503 de'
1736 1434 1942 1525 justis

353 1523 662 1594 honestis
688 1575 706 1608 ‚
743 1521 1064 1607 utilibus,
1109 1547 1389 1627 quaeque
1412 1536 1580 1591 'sunt
1624 1524 1729 1593 his
1756 1550 1947 1597 con-

353 1615 568 1687 traria
587 1668 606 1699 .,
639 1627 708 1685 et
735 1613 818 1685 de
853 1612 1056 1685 rebus
1077 1612 1333 1697 divinis
1364 1614 1647 1694 maxime
1668 1615 1946 1699 dicunt,

356 1720 426 1776 et
469 1717 1035 1797 argumentantur
1057 1704 1306 1773 acriter
1330 1729 1353 1789 3
1384 1716 1453 1773 et
1482 1704 1948 1777 altercationi-

353 1799 478 1869 bus
501 1809 702 1890 atque
737 1794 1393 1889 interrogationibus
1430 1808 1771 1867 oratorem
1825 1796 1945 1865 fu-

354 1903 600 1974 turum·
629 1887 884 1979 optime
939 1887 1269 1958 Socratici
1334 1902 1736 1980 praeparant.
1797 1889 1943 1960 sed

353 1978 462 2052 his
495 2004 765 2074 quoque
799 1975 1271 2050 adhibendum
1296 1991 1398 2048 est
1452 1979 1679 2049 simile
1732 1979 1944 2069 judi-

356 2072 582 2155 oium,
625 2083 702 2140 ut
742 2069 948 2138 otiam
1001 2093 1157 2140 cum
1194 2070 1265 2139 in
1323 2069 1525 2141 rebus
1584 2095 1941 2142 versemur

355 2162 637 2252 iisdem,
692 2174 1097 2230 nontamen
1148 2159 1435 2230 eandem
1470 2187 1611 2230 esse
1676 2161 1942 2232 condi—

355 2254 618 2325 tionem
670 2253 960 2322 sciamus
989 2251 1215 2320 litium
1251 2277 1329 2322 ac
1360 2251 1933 2344 disputationum,

353 2345 491 2508 lsori
539 2356 610 2413 et
645 2342 1012 2428 auditorii‚
1038 2354 1531 2436 praeceptorum
1564 2356 1631 2413 et
1664 2343 1941 2439 pericu-

387 2461 603 2506 orum.

443 2533 559 2596 IV.
578 2522 800 2596 Credo
820 2535 1169 2594 exacturos
1190 2523 1571 2618 plerosque,
1601 2551 1754 2596 cum
1777 2536 1935 2596 tan-

350 2631 498 2688 tum
519 2644 660 2688 esse
686 2615 1090 2688 utilitatisin
1110 2615 1397 2708 legendo
1426 2616 1824 2703 judicemus,
1855 2629 1937 2687 ut

351 2710 426 2780 id
455 2705 726 2801 quoque
767 2707 1218 2800 adjungamus
1254 2707 1481 2800 operi,
1508 2708 1625 2800 qui
1658 2708 1794 2778 sint
1834 2709 1936 2778 le³

347 2799 596 2892 gemti,
629 2799 875 2890 quaein
919 2823 1190 2902 quoque
1248 2809 1533 2872 auctore
1586 2799 1935 2890 praecipua

348 2891 588 2962 virtus·
623 2887 755 2958 Sed
791 2913 1105 2982 persequi
1136 2887 1465 2993 singulos‚
1500 2889 1758 2960 infiniti
1786 2891 1935 2960 fue-

346 2983 442 3054 rit
475 2979 721 3072 operis.
759 2979 1034 3072 Quippe
1083 3003 1236 3048 cum
1269 3005 1338 3048 in
1368 2979 1583 3050 Bruto
1616 2988 1715 3051 M.
1750 2981 1929 3050 Tul-

345 3073 482 3144 lius
511 3084 610 3145 tot
643 3069 948 3142 millibus
971 3071 1291 3141 versuum
1321 3070 1403 3156 de
1438 3071 1739 3141 romanis
1772 3085 1925 3142 tan-

346 3178 496 3236 tum
559 3161 947 3234 oratoribus
1011 3161 1360 3253 loquatur,
1426 3176 1495 3230 et
1558 3177 1784 3232 tamen
1838 3163 1924 3232 de

242 3301 254 3313 ,
349 3253 669 3337 omnibus
684 3253 899 3325 aetatis
921 3277 1079 3337 suae,
1110 3249 1633 3355 (13qui13uscum
1656 3253 1927 3336 vivebat

451 3395 480 3439 ι
501 3378 528 3449 )
560 3377 691 3432 Vide
717 3377 1008 3434 Ciceronem
1030 3374 1088 3429 in
1114 3378 1291 3448 Bruto,
1310 3375 1427 3449 248.
