2188 3757
678 5 684 13 ¹
741 5 776 22 -

358 259 491 316 320
738 239 935 306 Ltn‘.
995 238 1130 304 IX.
1175 238 1363 304 C'Ar.
1411 237 1560 305 111.
1749 291 1751 293 .

355 330 557 411 tior-a,
580 350 729 419 quae
754 325 1072 412 dicimuS‚
1098 338 1167 398 et
1191 326 1329 396 vim
1359 323 1702 418 quandam
1714 345 1932 415 -praese

354 417 673 502 ferentia,
693 416 881 488 velut
905 419 1148 516 saepius
1179 419 1604 509 erumpentis
1623 415 1932 484 affectus.

352 525 359 536 '
449 518 782 590 Gradalio
809 565 827 597 ‚
874 538 1019 604 quae
1056 509 1312 580 dicitur
1345 517 1554 586 κλψκξ
1576 553 1596 581 2
1633 503 1936 597 apertio-

354 636 503 681 rem
556 610 767 680 habet
816 617 1031 674 artem
1062 655 1081 688 ‚
1135 615 1201 670 et
1243 591 1456 686 magis
1505 595 1938 681 affectatam,

264 766 275 780 ,
356 701 651 794 ideoque
688 725 829 772 esse
866 695 1087 766 rarior
1119 690 1344 761 debet.
1379 691 1497 754 Est
1527 699 1752 756 autem
1787 687 1938 778 ipsa

408 818 631 886 noque
695 786 1102 881 adjectionis
1173 779 1422 874 repetit
1480 778 1666 849 enim
1700 831 1718 862 ‚
1787 803 1938 868 quae

354 821 541 956 dicta
578 897 737 952 sunt
768 907 790 969 3
824 893 931 963 et,
976 877 1373 982 priusquam
1421 869 1510 940 ad
1543 869 1732 940 aliud
1769 866 1940 937 des-

358 975 637 1058 cendat‚
677 976 747 1044 in
796 967 1142 1065 prioribus
1185 961 1460 1034 resistit.
1509 965 1677 1049 Ejus
1715 985 1940 1029 exem-

354 1067 549 1160 plum
600 1093 679 1136 ex
729 1071 963 1135 Graeco
1022 1056 1378 1128 notissimo
1434 1052 1938 1123 transferatur:

356 1159 505 1231 Nec
523 1159 663 1228 hoec
678 1158 834 1228 dixi
840 1155 1122 1245 quidem,
1142 1149 1386 1221 sednec
1399 1148 1639 1236 scripsi
1652 1170 1675 1214 .·
1698 1149 1798 1228 (1)
1821 1164 1942 1214 nec

357 1255 597 1341 scripsi
632 1249 895 1342 quidem
914 1298 932 1329 ‚
980 1243 1104 1314 sed
1147 1265 1264 1311 nec
1309 1238 1452 1309 obii
1495 1235 1890 1327 legationem
1915 1259 1944 1304 .-

357 1366 477 1411 nec
508 1340 650 1410 obii
675 1338 935 1432 quidem
964 1387 982 1418 ‚
1014 1333 1139 1404 sed
1165 1356 1282 1402 nec
1306 1333 1617 1421 persuasi
1657 1325 1941 1397 Theba-

360 1437 484 1504 nis.
513 1435 682 1501 Sunt
710 1445 937 1500 tamen
970 1423 1240 1494 erudita
1271 1435 1339 1490 et
1366 1420 1578 1488 latina
1605 1418 1946 1508 :(2)Af1¹l⁰-

352 1541 529 1594 cano
586 1528 879 1592 virtutem
928 1518 1260 1587 industria
1287 1567 1306 1596 .,
1357 1517 1558 1584 virius
1599 1508 1890 1603 gloriam
1917 1561 1940 1594 ‚

352 1613 583 1708 gloria
615 1611 881 1684 oemulos
913 1610 1365 1698 comparavit..

459 1733 519 1775 2.
538 1713 786 1810 Atquae
815 1728 934 1795 per
952 1698 1449 1770 detractionem
1481 1693 1660 1764 fiunt
1684 1692 1944 1786 figurae⁹

358 1797 721 1868 Brevitatls
757 1791 1214 1883 novitatisque
1247 1785 1534 1856 maxime
1575 1789 1794 1878 gratia
1817 1808 1947 1876 pe·-

354 1900 610 1959 tuntur
638 1892 975 1979 :lquarum
1011 1906 1149 1951 una
1193 1892 1361 1949 est...
1387 1886 1486 1963 (3)
1518 1875 1947 1971 synecdoche,

368 2006 527 2052 cum
560 1979 983 2049 subtractum
1032 1972 1314 2044 verbum
1357 1970 1636 2063 aliquod
1673 1968 1835 2043 satis
1869 1992 1952 2035 ex

364 2071 627 2154 caeteris
678 2068 1141 2159 intelligitur;
1191 2076 1268 2133 ut
1309 2062 1561 2133 Coelius
1601 2062 1670 2130 in
1715 2067 1952 2129 Anto-

365 2166 594 2235 nium:
624 2162 896 2253 Stupere
920 2160 1179 2249 gaudio
1216 2154 1503 2226 Groecus.
1521 2151 1737 2223 Simul
1764 2151 1952 2221 enim

368 2254 685 2337 auditur,
720 2256 975 2341 coepil...
1158 2247 1165 2252 ’

452 2344 791 2430 (4)Altera
810 2353 909 2409 est
938 2364 1059 2431 per
1082 2335 1576 2413 detractionem
1603 2334 1843 2425 figura,
1865 2329 1953 2401 de

366 2462 501 2531 qua
517 2434 719 2505 modo
742 2433 1134 2513 dictumest,
1153 2428 1264 2497 cui
1287 2426 1810 2516 conjunctiones
1823 2422 1956 2493 exi-

370 2541 679 2600 muntur.
706 2524 970 2608 Tertia,
1006 2546 1152 2617 quae
1189 2519 1446 2590 dicitur
1468 2522 1570 2603 (5)
1607 2528 1958 2606 συνεζευγμί-

365 2652 458 2693 νου.
501 2627 580 2690 In
615 2645 747 2713 qua
798 2642 1011 2687 unum
1060 2610 1149 2682 ad
1193 2611 1479 2683 verbum
1511 2610 1742 2703 plures
1785 2633 1958 2679 sen—

370 2712 1063 2781 tentiae.1·eferuntur
1092 2758 1114 2790 ‚
1173 2729 1468 2798 quarum
1533 2724 1956 2794 unaquaeque

372 2802 797 2873 desideraret
862 2798 1079 2881 illud,
1127 2794 1188 2866 εἰ
1236 2796 1379 2891 sola
1436 2806 1828 2887 poneretur.
1877 2789 1960 2861 ld

438 2963 467 3027 (
490 2979 507 3011 1
534 2963 560 3028 )
585 2957 718 3010 Vide
745 2953 1135 3006 Demosthenem
1147 2970 1240 3021 pro
1259 2949 1596 3021 Ctesiphonte.
1785 3004 1794 3012 „

436 3028 549 3097 (ο)
574 3025 707 3079 Vide
730 3023 780 3087 4.
809 3022 1013 3073 Rhetor.
1039 3019 1122 3083 34.
1491 3032 1498 3039 ·
1729 3070 1744 3078 ,
1785 3014 1792 3021 ’

442 3095 528 3161 (3)
548 3086 869 3161 Synecdoche
884 3086 1020 3135 idem
1037 3086 1231 3135 videtur
1243 3102 1300 3135 ac
1315 3084 1373 3134 E
1373 3083 1573 3153 lleipnis,
1585 3084 1666 3135 cui
1687 3101 1718 3133 o
1757 3081 1964 3151 ponitur

410 3162 703 3209 leonasmua.
728 3156 991 3209 Hunccine
1008 3150 1250 3201 hominem
1267 3150 1296 3198 ἒ
1313 3150 1551 3206 hanccine
1572 3102 1920 3219 impacientiam
1931 3146 1967 3203 R

398 3229 617 3275 mancine
640 3222 903 3270 audaciam
919 3219 949 3267 Ρ
970 3220 1194 3271 Subaudi
1217 3235 1234 3268 .·
1253 3217 1482 3283 libremus.

450 3292 471 3357 (
488 3290 562 3408 2)
588 3288 905 3356 Asyndeton.

450 3358 475 3421 (
524 3360 550 3425 )
579 3355 642 3409 ld
658 3366 761 3423 est,
789 3352 1090 3423 Adsum-tio·-

1670 3480 1678 3489 .
1715 3414 1970 3490 accidit
2001 3455 2010 3463 <
