2188 3757
303 311 309 318 ,
694 234 870 318 Qum
920 251 1302 298 scmmmnA
1348 251 1525 297 stu-r.
1756 243 1881 296 221

306 319 455 416 ipse
488 320 607 392 ille
645 347 883 392 mucro
911 319 1198 414 ingenii⁸
1221 317 1625 412 quotidiana
1656 343 1889 411 pugna

302 413 741 486 retundatur.
1339 450 1346 458 ·

394 505 566 592 Sed,
620 495 1194 601 quemadmodum
1249 498 1638 570 forensibus
1670 511 1890 568 certa-

304 593 611 670 minibus
658 595 1059 666 exercitatos
1089 643 1110 678 ,
1151 604 1219 663 et
1273 591 1464 685 quasi
1511 590 1886 661 militantes

303 685 533 760 reficit
556 713 637 758 ac
660 699 929 780 reparat
950 679 1092 755 haec
1108 683 1298 756 velut
1316 683 1553 776 sagina
1573 681 1847 764 dicendi
1867 705 1890 767 3

300 778 402 850 sic
446 778 913 850 adolescentes
950 801 1093 846 non
1150 774 1406 856 dehent
1452 773 1745 844 nimium
1807 773 1883 843 in

301 867 475 945 filisa
505 887 731 940 rerum
754 867 1048 961 imagine
1077 867 1372 942 detineri
1401 919 1420 950 ,
1455 877 1524 936 et
1556 863 1883 935 inanibus

301 960 724 1032 simulacris:
755 984 966 1050 usque
988 957 1192 1042 adeo,
1222 970 1302 1027 ut
1341 956 1618 1028 difficile
1653 954 1739 1025 ab
1771 954 1880 1024 his

204 1063 209 1068 “
298 1051 639 1146 digressos
666 1050 1326 1132 sitassuefacere,ne
1345 1047 1430 1118 ab
1453 1048 1573 1117 illa
1593 1100 1612 1131 ,
1643 1047 1716 1116 in
1745 1071 1894 1140 qua·

300 1169 516 1237 prope
568 1139 1058 1214 consenuerint
1089 1139 1366 1226 {umbra
1395 1192 1414 1223 ‚
1450 1163 1608 1210 vera
1643 1137 1881 1210 discri-

294 1235 484 1309 mina
502 1287 524 1320 .‚
552 1230 1116 1326 velutquemdam
1139 1231 1350 1300 solem
1383 1229 1832 1300 reformident
1861 1255 1878 1298 z

296 1325 489 1420 quod
520 1325 847 1406 accidisse
875 1324 1081 1394 etiam
1119 1323 1368 1394 Porcio
1399 1319 1721 1405 Latroni,
1755 1319 1876 1414 qui

294 1416 559 1510 primus
587 1417 751 1490 clari
778 1415 1083 1487 nominis
1111 1415 1452 1508 professor
1476 1413 1640 1497 fuit,
1660 1410 1878 1482 tradi-

290 1521 533 1578 turzut
560 1534 715 1592 cum
752 1507 845 1591 ei,
873 1532 1204 1592 summam
1221 1506 1290 1574 in
1320 1504 1572 1576 scholis
1602 1504 1878 1598 opinio-

292 1625 455 1670 nem
475 1597 859 1684 obtinenti,
880 1623 1085 1668 causa
1116 1598 1188 1666 in
1215 1597 1364 1666 soro
1391 1609 1565 1665 esset
1584 1595 1874 1680 oranda,

288 1689 597 1784 impense
624 1687 929 1784 petierit,
951 1688 1053 1758 uti
1074 1686 1398 1758 subsellia
1425 1687 1497 1756 in
1517 1685 1873 1756 basilicam

286 1782 966 1866 transferrentur-rna
1001 1779 1104 1850 illi
1137 1779 1378 1850 coelum
1411 1803 1666 1848 novum
1698 1776 1867 1861 fuit,

286 1886 370 1949 ut
384 1873 608 1949 omnis
632 1880 779 1965 ejus
804 1873 1198 1967 eloquentia
1226 1870 1568 1945 contineri
1588 1882 1770 1943 tecto
1791 1892 1871 1941 ac

282 1964 671 2067 parietibus
701 1966 1077 2037 videretur.

382 2062 613 2145 Quare
634 2056 899 2147 juvenis
914 2108 935 2140 ,
956 2056 1073 2147 qui
1093 2054 1427 2124 rationem
1455 2050 1865 2125 inveniendi

284 2144 791 2239 eloquendique
838 2173 876 2217 a
908 2144 1446 2239 praeceptoribus
1496 2143 1868 2235 diligenter

284 2238 627 2331 acceperit
666 2236 911 2332 (quod
947 2264 1088 2307 non
1130 2248 1232 2306 est
1273 2235 1554 2307 infiniti·
1588 2234 1816 2327 operis
1841 2286 1864 2319 ‚

280 2326 345 2402 si
396 2328 640 2401 doc'ere
689 2331 960 2413 sciant)
989 2342 1059 2399 et
1094 2326 1652 2399 exercitationem
1679 2352 1868 2420 quo-

281 2446 449 2515 que,
482 2418 829 2507 ‘modicam
883 2420 1092 2491 fuerit
1157 2431 1587 2500 consecutus,
1620 2430 1868 2489 orato-

276 2535 425 2582 rem
477 2512 609 2585 sibi
682 2512 981 2605 aliquem
1036 2518 1066 2595 (
1097 2510 1285 2606 quod
1342 2510 1528 2603 apud
1571 2512 1864 2598 majores

278 2600 431 2675 fieri
510 2602 773 2693 solebat
826 2612 855 2693 )
928 2601 1188 2693 deligat
1233 2654 1254 2689 ‚
1336 2627 1552 2761 ⁴quem
1626 2626 1870 2695 sequa·

276 2705 394 2787 tur
442 2748 464 2779 ‚
543 2720 749 2854 quem
821 2694 1132 2765 imitetur
1187 2720 1204 2764 ε
1260 2696 1330 2782 ju
1389 2692 1538 2763 iciis
1593 2692 1868 2765 intersit

278 2810 484 2891 quam
518 2812 561 2879 p
596 2786 853 2873 mimis,
894 2798 961 2856 et
994 2786 1084 2855 sit
1111 2785 1506 2855 certaminis
1529 2838 1548 2868 ‚
1577 2785 1686 2855 cui
1718 2785 1875 2855 des-

270 2885 561 2962 tinatur,
586 2878 904 2971 frequens
926 2884 1268 2970 spectator
1293 2890 1475 2948 :tum
1500 2901 1742 2949 causas
1755 2877 1867 2947 vel

270 2966 592 3055 easdem,
629 2995 795 3063 quas
844 2969 949 3063 agi
995 2969 1333 3055 audierit,
1367 2969 1544 3064 stylo
1593 2983 1661 3039 et
1719 2969 1865 3129 isse

268 3073 681 3152 componat,
732 3061 837 3131 vel
885 3060 1090 3131 etiam
1125 3060 1331 3143 aliaS,
1365 3086 1560 3130 veras
1620 3085 1732 3129 mo
1786 3086 1874 3147 o,

265 3160 337 3219 et
374 3150 701 3245 utrinque
740 3164 988 3223 tractet
1024 3174 1041 3223 t
1078 3163 1183 3239 et,
1215 3152 1402 3245 quod
1430 3151 1504 3224 in
1529 3150 1868 3243 gladiato·-

263 3238 459 3323 ribus
489 3240 638 3313 fieri
677 3242 1015 3329 videmus,
1044 3243 1116 3312 in
1139 3242 1343 3315 rebus
1369 3241 1539 3313 actis
1563 3266 1874 3314 exercea-

265 3343 417 3423 tur3
444 3346 523 3406 ut
555 3334 797 3407 fecisse
834 3341 1132 3407 Brutum
1159 3334 1456 3406 diximus
1488 3358 1614 3427 pro
1643 3334 1874 3407 Milo·-

1411 3430 1588 3524 Ka,
