2188 3757
306 275 441 344 220
656 279 663 286 ‘
736 275 923 340 Lu.
984 273 1077 340 X.
1130 274 1322 342 Car.
1377 277 1465 341 νς

313 362 555 444 dabit,
605 361 869 454 eritque
905 361 976 430 in
1026 386 1538 434 omnes=causas
1593 367 1698 450 (1)
1745 389 1904 456 gra·-

306 461 441 524 tus.
526 458 781 524 Omnes
844 454 1029 526 enim
1086 453 1523 546 generalibus
1581 456 1906 549 quaestio-

305 543 512 616 nibus
570 556 906 616 constant.
946 551 1122 614 Nam
1155 543 1323 638 quid
1381 545 1735 620 interestl..
1765 547 1903 616 Mi-

306 635 376 706 lo
426 635 748 706 Clodium
782 649 1055 707 rectene
1091 636 1471 720 occiderit,
1526 637 1760 708 veniat
1819 637 1901 708 in

304 726 687 838 judicium3
748 753 836 798 an
863 781 882 812 ,
951 739 1355 820 oporteatne
1417 727 1902 799 insidiatorem

302 818 603 888 interfici
633 843 655 903 3
684 819 788 888 vel
847 817 1308 912 perniciosum
1355 817 1752 912 reipublicae
1781 819 1902 888 cia-

302 935 455 982 vem
480 963 499 995 ‚
536 910 741 979 etiam
774 910 829 978 si
868 929 1005 980 non
1044 909 1415 980 insidietur
1445 920 1472 982 ἓ
1508 916 1677 980 Cato
1704 915 1900 980 Mar-

513 1000 891 1071 honestene
908 999 1275 1072 tradiderit
1303 1001 1685 1074 Hortensio
1707 1027 1730 1088 ;
1763 1025 1900 1088 arr,
1983 1029 1988 1033 ’

302 1022 763 1164 meniatne
808 1119 914 1164 res
941 1091 1097 1162 talis
1130 1091 1316 1165 bono
1349 1091 1553 1164 viro?
1599 1098 1704 1162 De
1739 1119 1899 1186 per·-

303 1184 492 1256 sonis
521 1183 898 1274 judicatur,
932 1183 1059 1255 sed
1086 1183 1170 1254 de
1197 1183 1400 1256 rebus
1421 1183 1898 1262 contenditur.

400 1275 957 1346 Declamationes
994 1300 1196 1362 vern,
1227 1275 1468 1370 quales
1511 1275 1586 1344 in
1634 1275 1896 1346 scholis

302 1367 659 1444 rhetorum
706 1367 1034 1437 dicuntur
1057 1418 1076 1451 ‚
1103 1365 1160 1435 si
1193 1367 1406 1436 ‘modo
1457 1379 1617 1438 sunt
1647 1365 1734 1438 ad
1774 1394 1894 1440 ve-

308 1457 583 1530 ritatem
618 1457 1178 1542 accommoda'tae‚
1217 1469 1286 1527 et
1325 1456 1755 1528 orationibus
1798 1459 1893 1528 si·-

302 1548 501 1619 miles
529 1603 548 1636 ‚
590 1575 731 1620 non
766 1559 1035 1620 tantum
1066 1547 1231 1618 dum
1262 1545 1592 1640 adolescit
1621 1549 1897 1642 profec-

296 1651 411 1711 t'us
436 1694 455 1724 ‚
536 1653 697 1711 sunt
754 1641 1132 1712 utilissimae
1163 1691 1182 1721 ,
1211 1660 1359 1734 quae
1405 1641 1884 1726 inventionem

295 1744 371 1802 et
420 1731 943 1824 dispositionem
995 1731 1253 1824 pariter
1331 1745 1698 1818 exercent3
1764 1733 1890 1803 s'ed

298 1824 507 1895 etiam
524 1847 677 1897 cum
698 1835 800 1894 est
812 1835 1348 1907 consummatus,
1374 1849 1454 1893 ac
1473 1827 1608 1913 jam
1631 1825 1707 1895 in
1731 1824 1888 1895 foro

300 1914 545 1985 clarus.
572 1915 805 1985 Alitur
838 1914 1024 1985 enim
1053 1926 1123 1983 at
1175 1940 1259 1984 ue
1294 1914 1616 1985 enitescit
1647 1916 1890 2003 4velut

300 2004 559 2098 pabulo
591 2005 847 2079 laetiore
867 2059 887 2093 ‚
918 1940 1242 2077 facundia
1267 2058 1288 2090 ,
1321 2018 1389 2077 et
1420 2006 1692 2078 assidua
1726 2034 1890 2078 con-

296 2098 691 2175 tentionum
747 2097 1114 2191 asperitate
1153 2097 1438 2191 fatigata
1489 2111 1886 2187 renovatur.

392 2196 834 2283 Quapropter
849 2188 1152 2273 historias
1173 2210 1668 2283 nonnunquam
1689 2190 1888 2261 uber-

294 2290 399 2350 tas
432 2282 505 2349 in
552 2281 785 2373 aliqua
816 2280 1177 2351 exercendi
1205 2281 1364 2374 styli
1396 2294 1585 2375 parte
1620 2304 1887 2374 ponen-

295 2370 422 2458 da,
468 2384 537 2441 et
580 2370 1012 2465 dialogorum
1049 2371 1366 2443 libertate
1425 2373 1882 2467 gestiendum.

296 2468 399 2534 Ne
462 2464 763 2555 carmine
820 2462 1102 2557 quidem
1167 2462 1404 2534 ludere
1457 2466 1882 2538 contrarium

296 2554 511 2625 fuerit
578 2582 597 2625 ε
654 2556 833 2626 sicut
888 2554 1207 2642 athletae,
1261 2556 1538 2627 remiss-a
1595 2556 1890 2650 quibus-

294 2646 453 2717 dam
486 2647 912 2741 temporibus
946 2646 1257 2723 ciborum
1293 2660 1497 2753 atque
1551 2649 1881 2721 exer-cita-

190 2746 194 2750 ’
290 2738 562 2809 tionum
619 2751 805 2821 certa
852 2739 1284 2825 necessitate,
1317 2752 1462 2809 otio
1517 2751 1586 2809 et
1631 2742 1879 2829 ju'cum-

289 2827 603 2898 dioribus
622 2828 843 2919 epulis
885 2829 1313 2901 reficiuntur.
1346 2830 1648 2939 Ideoque
1702 2831 1886 2905 mihi

290 2918 566 2999 'videtur
594 2926 692 2988 M.
722 2919 1001 2991 Tullius
1048 2932 1317 2991 tantum
1361 2922 1673 2993 intulisse
1730 2921 1902 2993 eto-2

255 3010 587 3173 ‘guentiae
627 3010 901 3095 lumen,
938 3012 1124 3105 quod
1156 3013 1229 3083 in
1259 3012 1386 3083 hos
1421 3038 1692 3107 quoque
1732 3027 1876 3085 stu-

345 3102 565 3185 iorum
610 3128 911 3173 secessu-s
956 3104 1276 3183 excurrit.
1334 3111 1505 3175 Nam
1557 3105 1611 3177 si
1671 3106 1874 3182 nobis

292 3193 751 3269 sola‘materia
778 3196 987 3266 fuerit
1018 3220 1098 3265 ex
1131 3194 1406 3281 litibus,
1441 3224 1714 3267 necesse
1747 3212 1873 3283 est,

288 3284 638 3364 deteratur
664 3286 891 3378 fulgor
910 3340 929 3372 ,
958 3299 1026 3355 et
1053 3286 1372 3361 durescat
1395 3288 1727 3365 articulus
1745 3342 1764 3379 ,
1799 3303 1873 3363 et

358 3406 439 3497 (ιὶ
468 3408 613 3501 Fprte
630 3410 733 3477 legi
754 3409 901 3469 debet
913 3449 931 3478 ,
956 3420 1188 3479 paratus·
