2188 3757
267 267 286 284 f
321 197 460 284 296
631 269 636 278 ,
685 197 886 266 Lu·
945 196 1083 264 XI.
1150 195 1343 266 Gar.
1390 199 1532 265 1-11.
1836 263 1841 268 .

319 311 483 358 cens
527 307 700 392 opus
727 336 747 372 ‚
789 298 860 356 et
912 283 1195 356 habitus
1240 311 1508 378 semper
1557 283 1916 377 ejusdem,

319 377 420 450 sic
465 376 537 447 in
567 376 848 448 intimos
875 389 1187 472 penetret
1214 379 1536 462 affectus,
1570 388 1647 448 ut
1693 378 1921 470 ipsam

323 467 466 632 {im
520 466 802 540 dicendi
867 493 1365 562 nonnunquam
1423 477 1748 564 superare
1798 470 1929 540 vi—

379 571 598 630 eatur.

419 655 677 722 Contra
716 650 772 722 si
805 664 1035 746 gestus
1081 677 1161 721 ac
1200 643 1430 722 vultus
1462 649 1550 721 ab
1596 651 1922 722 oratione

320 741 780 826 dissentiant,
825 742 1047 812 tristia
1075 743 1384 813 dicamus
1416 743 1704 828 hilares,
1740 743 1927 812 affir-

327 860 592 908 memus
629 834 858 939 aliqua
907 847 1315 918 renuentes;
1357 861 1497 904 non
1547 834 1930 904 auctoritas

330 926 540 999 modo
568 925 835 1012 verbns‘,
867 924 987 1008 sed
1023 925 1227 996 etiam
1262 918 1431 996 fides
1464 926 1662 996 desit.
1686 931 1932 995 Decor

332 1013 610 1114 quoque
643 1044 682 1088 a
717 1030 908 1110 gestu
943 1029 1145 1111 atque
1180 1043 1215 1086 a
1250 1031 1440 1088 motu
1472 1017 1683 1088 venit.
1708 1017 1933 1086 Ideo-

339 1136 476 1204 que
513 1109 1020 1180 Demosthenes
1079 1109 1337 1202 grande
1394 1109 1738 1206 quoddam
1774 1135 1935 1201 spe-

350 1202 584 1274 culum
645 1201 921 1272 intuens
947 1253 967 1286 ‚
1020 1226 1429 1294 componere
1462 1205 1785 1272 actionem
1818 1225 1934 1270 so-
1964 1289 1969 1292 Ι

335 1291 548 1364 lebat.
583 1291 777 1362 Adeo
801 1293 1167 1384 ‚fquamvis
1202 1291 1427 1385 fulgor
1464 1292 1579 1362 ille
1613 1292 1933 1362 sinistras

337 1384 672 1476 imagines
707 1382 992 1467 reddat,
1043 1383 1185 1452 suis
1217 1382 1491 1454 demum
1526 1385 1747 1455 oculis
1783 1409 1937 1455 cre·-

341 1473 574 1562 didit,
620 1473 806 1569 quod
855 1475 1176 1546 efficeret.

435 1567 865 1661 Praecipuum
912 1593 1076 1642 vero
1130 1567 1206 1638 in
1258 1571 1564 1652 actione,
1614 1567 1793 1638 sicut
1859 1567 1935 1638 in

347 1685 635 1754 corpore
678 1659 694 1730 i
752 1686 864 1746 so,
914 1672 1119 1753 caput
1166 1673 1313 1748 est,
1363 1685 1517 1730 cum
1564 1659 1649 1730 ad
1689 1659 1937 1745 illum,

348 1751 434 1824 de
479 1778 614 1856 quo
719 1752 864 1836 ixi,
921 1751 1237 1822 decorem
1279 1803 1300 1836 ‚
1361 1765 1507 1822 tum
1570 1751 1778 1821 etiam
1847 1749 1940 1820 ad

353 1841 928 1949 sigulficationem
975 1841 1265 1915 decoris.
1309 1842 1432 1913 Illa
1478 1855 1683 1931 sunt,
1723 1854 1801 1912 ut
1848 1843 1941 1925 sit

349 1960 576 2029 primo
637 1946 893 2004 rectum
939 1987 958 2019 ‚
1024 1947 1092 2004 et
1164 1935 1540 2015 secundum
1598 1947 1943 2005 naturam.

351 2032 526 2098 Nam
570 2040 638 2097 et
686 2024 954 2115 dejecto
993 2026 1384 2110 humilitas»,
1430 2040 1498 2097 et
1537 2026 1787 2119 supino
1838 2052 1943 2096 ar·-

353 2119 668 2213 rogantia
697 2172 716 2205 ‚
765 2130 835 2189 et
885 2117 958 2191 in
1006 2118 1186 2191 latus
1234 2120 1567 2189 inclinato
1601 2119 1941 2211 languor,

356 2212 426 2283 et
473 2210 787 2304 praeduro
828 2237 908 2283 ac
948 2211 1213 2303 rigente
1258 2210 1575 2281 barbaria
1628 2210 1940 2303 quaedam

356 2303 605 2373 mentis
655 2302 1097 2379 ostenditur„
1713 2328 1720 2335 ·
1796 2352 1801 2359 ·
1868 2316 1875 2325 ·

453 2399 635 2463 Tum
671 2392 961 2486 accipiat
995 2407 1189 2486 aptos
1222 2420 1300 2463 ex
1332 2394 1475 2485 ipsa
1512 2398 1769 2465 actione
1800 2395 1943 2463 mo·

360 2497 514 2569 tus,
550 2498 624 2555 ut
661 2510 812 2555 cum
846 2497 1042 2578 gestu
1077 2486 1479 2571 concordet,
1514 2499 1583 2555 et
1627 2485 1946 2555 manibus-

362 2602 444 2647 ac
490 2576 820 2648 lateribus
888 2577 1325 2671 obsequatur.
1377 2583 1711 2671 Aspectus
1761 2577 1943 2651 enim

365 2694 633 2773 semper
682 2668 922 2764 eodem
965 2670 1297 2753 vertitur,
1343 2695 1480 2761 quo
1522 2681 1793 2761 gestus,
1838 2694 1948 2737 ex-

365 2771 584 2851 ceptis
635 2784 780 2851 quae
825 2773 946 2829 aut
985 2760 1345 2849 damnare,
1389 2773 1505 2829 aut
1538 2785 1679 2829 non
1711 2784 1951 2829 conce·

369 2846 571 2937 dere,
606 2863 726 2919 aut
757 2876 794 2921 a
828 2851 1027 2921 nobis
1055 2878 1399 2921 removere
1442 2850 1787 2945 oportebit
1819 2878 1835 2919 t
1872 2863 1949 2935 ut

368 2940 552 3013 idem
580 2940 754 3013 illud
783 2942 979 3013 vultu
1009 2942 1364 3016 videamur
1387 2942 1717 3031 aversari,
1740 2966 1949 3013 manu

367 3034 700 3137 repellere
736 3060 752 3103 :
1256 3026 1275 3046 ‘

441 3256 460 3279 ο
497 3258 512 3277 0
550 3222 618 3279 0':
651 3235 668 3281 ζ
702 3222 800 3279 Dii
828 3224 973 3279 talem
997 3228 1137 3278 terris
1160 3196 1361 3279 aber-tite
1379 3236 1585 3295 pestem.

437 3344 466 3411 ι
1118 3310 1265 3379 Vix-g.
1297 3309 1499 3387 AEneid.
1526 3310 1561 3368 l.
1588 3308 1653 3372 δ’,
1674 3327 1725 3363 v·
1754 3308 1871 3365 62⁹.
1952 3337 1963 3360 ι
