<?xml version="1.0" encoding="UTF-8"?>
<!DOCTYPE html PUBLIC "-//W3C//DTD XHTML 1.0 Transitional//EN"
    "http://www.w3.org/TR/xhtml1/DTD/xhtml1-transitional.dtd">
<html xmlns="http://www.w3.org/1999/xhtml" xml:lang="en" lang="en">
 <head>
  <title>
</title>
<meta http-equiv="Content-Type" content="text/html;charset=utf-8" />
  <meta name='ocr-system' content='tesseract 3.04.00' />
  <meta name='ocr-capabilities' content='ocr_page ocr_carea ocr_par ocr_line ocrx_word'/>
</head>
<body>
  <div class='ocr_page' id='page_1' title='image "./mfabiiquintilia22quingoog_0403.png"; bbox 0 0 2188 3757; ppageno 0'>
   <div class='ocr_carea' id='block_1_1' title="bbox 250 185 1840 466">
    <p class='ocr_par' dir='ltr' id='par_1_1' title="bbox 250 185 1840 466">
     <span class='ocr_line' id='line_1_1' title="bbox 529 185 1836 280; baseline -0.007 -19"><span class='ocrx_word' id='word_1_1' title='bbox 529 194 705 280; x_wconf 61' lang='lat' dir='ltr'>Qum</span> <span class='ocrx_word' id='word_1_2' title='bbox 752 207 923 259; x_wconf 60' lang='lat' dir='ltr'>rose·</span> <span class='ocrx_word' id='word_1_3' title='bbox 968 205 1186 266; x_wconf 62' lang='lat' dir='ltr'>rmum</span> <span class='ocrx_word' id='word_1_4' title='bbox 1233 206 1509 257; x_wconf 68' lang='lat' dir='ltr'>srumA.</span> <span class='ocrx_word' id='word_1_5' title='bbox 1695 185 1836 268; x_wconf 71' lang='lat'>393</span> 
     </span>
     <span class='ocr_line' id='line_1_2' title="bbox 250 272 1840 389; baseline -0.006 -36"><span class='ocrx_word' id='word_1_6' title='bbox 250 280 595 389; x_wconf 67' lang='lat' dir='ltr'>‚trahunt3</span> <span class='ocrx_word' id='word_1_7' title='bbox 650 280 871 386; x_wconf 75' lang='lat' dir='ltr'>adjice</span> <span class='ocrx_word' id='word_1_8' title='bbox 914 289 1019 348; x_wconf 87' lang='lat' dir='ltr'>tot</span> <span class='ocrx_word' id='word_1_9' title='bbox 1075 303 1330 370; x_wconf 82' lang='lat' dir='ltr'>genera</span> <span class='ocrx_word' id='word_1_10' title='bbox 1382 272 1718 362; x_wconf 83' lang='lat' dir='ltr'>ludendi,</span> <span class='ocrx_word' id='word_1_11' title='bbox 1765 287 1840 344; x_wconf 84' lang='lat' dir='ltr'>et</span> 
     </span>
     <span class='ocr_line' id='line_1_3' title="bbox 256 395 1714 466; baseline -0.008 -21"><span class='ocrx_word' id='word_1_12' title='bbox 256 401 564 464; x_wconf 74' lang='lat' dir='ltr'>insanam</span> <span class='ocrx_word' id='word_1_13' title='bbox 596 396 903 466; x_wconf 80' lang='lat' dir='ltr'>corporis</span> <span class='ocrx_word' id='word_1_14' title='bbox 936 395 1194 440; x_wconf 86' lang='lat' dir='ltr'>euram.</span> <span class='ocrx_word' id='word_1_15' title='bbox 1710 422 1714 426; x_wconf 93' lang='lat'>.</span> 
     </span>
    </p>
   </div>
   <div class='ocr_carea' id='block_1_2' title="bbox 168 476 1850 1588">
    <p class='ocr_par' dir='ltr' id='par_1_2' title="bbox 168 476 1850 1588">
     <span class='ocr_line' id='line_1_4' title="bbox 345 476 1845 572; baseline -0.003 -19"><span class='ocrx_word' id='word_1_16' title='bbox 345 482 609 553; x_wconf 86' lang='lat' dir='ltr'>Trahat</span> <span class='ocrx_word' id='word_1_17' title='bbox 640 480 803 552; x_wconf 90' lang='lat' dir='ltr'>inde</span> <span class='ocrx_word' id='word_1_18' title='bbox 828 476 1298 572; x_wconf 81' lang='lat' dir='ltr'>peregrinatio</span> <span class='ocrx_word' id='word_1_19' title='bbox 1320 533 1339 564; x_wconf 89' lang='lat'>‚</span> <span class='ocrx_word' id='word_1_20' title='bbox 1369 503 1535 547; x_wconf 87' lang='lat' dir='ltr'>rura</span> <span class='ocrx_word' id='word_1_21' title='bbox 1561 533 1580 564; x_wconf 89' lang='lat'>‚</span> <span class='ocrx_word' id='word_1_22' title='bbox 1615 477 1845 548; x_wconf 88' lang='lat' dir='ltr'>calcu·-</span> 
     </span>
     <span class='ocr_line' id='line_1_5' title="bbox 254 569 1848 655; baseline -0.001 -13"><span class='ocrx_word' id='word_1_23' title='bbox 254 571 475 645; x_wconf 87' lang='lat' dir='ltr'>lorum</span> <span class='ocrx_word' id='word_1_24' title='bbox 513 574 725 644; x_wconf 83' lang='lat' dir='ltr'>anxiae</span> <span class='ocrx_word' id='word_1_25' title='bbox 760 569 1309 655; x_wconf 75' lang='lat' dir='ltr'>sollicitudine5‚</span> <span class='ocrx_word' id='word_1_26' title='bbox 1365 571 1594 641; x_wconf 85' lang='lat' dir='ltr'>multae</span> <span class='ocrx_word' id='word_1_27' title='bbox 1628 597 1848 640; x_wconf 80' lang='lat' dir='ltr'>causae</span> 
     </span>
     <span class='ocr_line' id='line_1_6' title="bbox 254 661 1846 755; baseline -0.003 -19"><span class='ocrx_word' id='word_1_28' title='bbox 254 665 669 751; x_wconf 79' lang='lat' dir='ltr'>libidinum,</span> <span class='ocrx_word' id='word_1_29' title='bbox 705 677 773 736; x_wconf 90' lang='lat' dir='ltr'>et</span> <span class='ocrx_word' id='word_1_30' title='bbox 808 664 1044 740; x_wconf 77' lang='lat' dir='ltr'>vinum</span> <span class='ocrx_word' id='word_1_31' title='bbox 1066 717 1084 748; x_wconf 83' lang='lat'>‚</span> <span class='ocrx_word' id='word_1_32' title='bbox 1123 675 1193 731; x_wconf 87' lang='lat' dir='ltr'>et</span> <span class='ocrx_word' id='word_1_33' title='bbox 1233 661 1615 755; x_wconf 84' lang='lat' dir='ltr'>flagitiosus</span> <span class='ocrx_word' id='word_1_34' title='bbox 1650 662 1846 732; x_wconf 79' lang='lat' dir='ltr'>omni</span> 
     </span>
     <span class='ocr_line' id='line_1_7' title="bbox 236 753 1848 852; baseline 0 -28"><span class='ocrx_word' id='word_1_35' title='bbox 236 783 506 850; x_wconf 70' lang='lat' dir='ltr'>genere</span> <span class='ocrx_word' id='word_1_36' title='bbox 536 758 983 852; x_wconf 77' lang='lat' dir='ltr'>voluptatum</span> <span class='ocrx_word' id='word_1_37' title='bbox 1002 755 1296 824; x_wconf 81' lang='lat' dir='ltr'>animus.</span> <span class='ocrx_word' id='word_1_38' title='bbox 1321 761 1423 824; x_wconf 92' lang='lat' dir='ltr'>Ne</span> <span class='ocrx_word' id='word_1_39' title='bbox 1457 779 1536 824; x_wconf 83' lang='lat' dir='ltr'>ea</span> <span class='ocrx_word' id='word_1_40' title='bbox 1561 753 1848 847; x_wconf 84' lang='lat' dir='ltr'>quidem</span> 
     </span>
     <span class='ocr_line' id='line_1_8' title="bbox 234 845 1849 943; baseline -0.006 -17"><span class='ocrx_word' id='word_1_41' title='bbox 234 862 565 943; x_wconf 79' lang='lat' dir='ltr'>,tempora</span> <span class='ocrx_word' id='word_1_42' title='bbox 601 849 852 919; x_wconf 89' lang='lat' dir='ltr'>idonea</span> <span class='ocrx_word' id='word_1_43' title='bbox 880 900 899 931; x_wconf 92' lang='lat'>‚</span> <span class='ocrx_word' id='word_1_44' title='bbox 946 872 1092 941; x_wconf 79' lang='lat' dir='ltr'>quae</span> <span class='ocrx_word' id='word_1_45' title='bbox 1135 859 1524 940; x_wconf 72' lang='lat' dir='ltr'><strong>supersunt.</strong></span> <span class='ocrx_word' id='word_1_46' title='bbox 1569 853 1741 936; x_wconf 85' lang='lat' dir='ltr'>Quae</span> <span class='ocrx_word' id='word_1_47' title='bbox 1785 845 1849 916; x_wconf 81' lang='lat' dir='ltr'>si</span> 
     </span>
     <span class='ocr_line' id='line_1_9' title="bbox 250 937 1845 1033; baseline -0.003 -21"><span class='ocrx_word' id='word_1_48' title='bbox 250 940 487 1013; x_wconf 87' lang='lat' dir='ltr'>omnia</span> <span class='ocrx_word' id='word_1_49' title='bbox 526 941 775 1014; x_wconf 87' lang='lat' dir='ltr'>studiis</span> <span class='ocrx_word' id='word_1_50' title='bbox 822 937 1392 1033; x_wconf 67' lang='lat' dir='ltr'>impenderentur</span> <span class='ocrx_word' id='word_1_51' title='bbox 1416 991 1435 1026; x_wconf 88' lang='lat'><strong>‚</strong></span> <span class='ocrx_word' id='word_1_52' title='bbox 1475 941 1612 1028; x_wconf 78' lang='lat' dir='ltr'>iam</span> <span class='ocrx_word' id='word_1_53' title='bbox 1638 937 1845 1008; x_wconf 88' lang='lat' dir='ltr'>nobis</span> 
     </span>
     <span class='ocr_line' id='line_1_10' title="bbox 168 1025 1849 1127; baseline -0.004 -23"><span class='ocrx_word' id='word_1_54' title='bbox 168 1089 175 1092; x_wconf 83' lang='lat'>-</span> <span class='ocrx_word' id='word_1_55' title='bbox 248 1032 459 1127; x_wconf 86' lang='lat' dir='ltr'>longa</span> <span class='ocrx_word' id='word_1_56' title='bbox 492 1047 683 1119; x_wconf 76' lang='lat' dir='ltr'>aetaS‚</span> <span class='ocrx_word' id='word_1_57' title='bbox 724 1045 790 1102; x_wconf 84' lang='lat' dir='ltr'>et</span> <span class='ocrx_word' id='word_1_58' title='bbox 820 1030 1096 1100; x_wconf 83' lang='lat' dir='ltr'>abunde</span> <span class='ocrx_word' id='word_1_59' title='bbox 1128 1031 1410 1116; x_wconf 85' lang='lat' dir='ltr'>(1)satis</span> <span class='ocrx_word' id='word_1_60' title='bbox 1441 1029 1526 1100; x_wconf 88' lang='lat' dir='ltr'>ad</span> <span class='ocrx_word' id='word_1_61' title='bbox 1558 1025 1849 1101; x_wconf 74' lang='lat' dir='ltr'>discen-</span> 
     </span>
     <span class='ocr_line' id='line_1_11' title="bbox 247 1121 1849 1218; baseline -0.001 -22"><span class='ocrx_word' id='word_1_62' title='bbox 247 1125 417 1197; x_wconf 86' lang='lat' dir='ltr'>dum</span> <span class='ocrx_word' id='word_1_63' title='bbox 444 1125 663 1218; x_wconf 85' lang='lat' dir='ltr'>spatia</span> <span class='ocrx_word' id='word_1_64' title='bbox 698 1122 1140 1208; x_wconf 81' lang='lat' dir='ltr'>viderentur,</span> <span class='ocrx_word' id='word_1_65' title='bbox 1188 1134 1257 1193; x_wconf 88' lang='lat' dir='ltr'>et</span> <span class='ocrx_word' id='word_1_66' title='bbox 1290 1121 1540 1192; x_wconf 89' lang='lat' dir='ltr'>diurna</span> <span class='ocrx_word' id='word_1_67' title='bbox 1576 1133 1849 1194; x_wconf 88' lang='lat' dir='ltr'>tantum</span> 
     </span>
     <span class='ocr_line' id='line_1_12' title="bbox 247 1216 1850 1311; baseline -0.003 -21"><span class='ocrx_word' id='word_1_68' title='bbox 247 1216 816 1311; x_wconf 82' lang='lat' dir='ltr'>computantibus</span> <span class='ocrx_word' id='word_1_69' title='bbox 865 1227 1176 1311; x_wconf 86' lang='lat' dir='ltr'>tempora</span> <span class='ocrx_word' id='word_1_70' title='bbox 1203 1239 1220 1282; x_wconf 72' lang='grc' dir='ltr'><em>ε</em></span> <span class='ocrx_word' id='word_1_71' title='bbox 1263 1225 1332 1283; x_wconf 86' lang='lat' dir='ltr'>et</span> <span class='ocrx_word' id='word_1_72' title='bbox 1365 1227 1599 1285; x_wconf 88' lang='lat' dir='ltr'>noctes</span> <span class='ocrx_word' id='word_1_73' title='bbox 1623 1268 1644 1300; x_wconf 89' lang='lat'>‚</span> <span class='ocrx_word' id='word_1_74' title='bbox 1676 1240 1850 1307; x_wconf 88' lang='lat' dir='ltr'>qua-</span> 
     </span>
     <span class='ocr_line' id='line_1_13' title="bbox 244 1304 1850 1401; baseline -0.003 -20"><span class='ocrx_word' id='word_1_75' title='bbox 244 1335 405 1382; x_wconf 82' lang='lat' dir='ltr'>rum</span> <span class='ocrx_word' id='word_1_76' title='bbox 468 1310 655 1381; x_wconf 88' lang='lat' dir='ltr'>bona</span> <span class='ocrx_word' id='word_1_77' title='bbox 686 1331 843 1400; x_wconf 81' lang='lat' dir='ltr'>pars</span> <span class='ocrx_word' id='word_1_78' title='bbox 904 1305 1096 1376; x_wconf 82' lang='lat' dir='ltr'>omni</span> <span class='ocrx_word' id='word_1_79' title='bbox 1129 1321 1372 1377; x_wconf 82' lang='lat' dir='ltr'>somno</span> <span class='ocrx_word' id='word_1_80' title='bbox 1399 1304 1676 1401; x_wconf 86' lang='lat' dir='ltr'>longior</span> <span class='ocrx_word' id='word_1_81' title='bbox 1701 1319 1802 1376; x_wconf 89' lang='lat' dir='ltr'>est</span> <span class='ocrx_word' id='word_1_82' title='bbox 1825 1352 1850 1390; x_wconf 80' lang='grc'><em>,</em></span> 
     </span>
     <span class='ocr_line' id='line_1_14' title="bbox 222 1402 1847 1492; baseline -0.003 -18"><span class='ocrx_word' id='word_1_83' title='bbox 222 1402 684 1492; x_wconf 65' lang='lat' dir='ltr'>adjuvarent.</span> <span class='ocrx_word' id='word_1_84' title='bbox 708 1407 914 1470; x_wconf 88' lang='lat' dir='ltr'>Nunc</span> <span class='ocrx_word' id='word_1_85' title='bbox 932 1423 1081 1468; x_wconf 88' lang='lat' dir='ltr'>com</span> <span class='ocrx_word' id='word_1_86' title='bbox 1136 1410 1408 1468; x_wconf 88' lang='lat' dir='ltr'>utamus</span> <span class='ocrx_word' id='word_1_87' title='bbox 1433 1423 1676 1486; x_wconf 83' lang='lat' dir='ltr'>annos,</span> <span class='ocrx_word' id='word_1_88' title='bbox 1699 1425 1847 1470; x_wconf 87' lang='lat' dir='ltr'>non</span> 
     </span>
     <span class='ocr_line' id='line_1_15' title="bbox 240 1490 1750 1588; baseline -0.003 -23"><span class='ocrx_word' id='word_1_89' title='bbox 240 1493 505 1588; x_wconf 83' lang='lat' dir='ltr'>quibus</span> <span class='ocrx_word' id='word_1_90' title='bbox 532 1490 921 1564; x_wconf 84' lang='lat' dir='ltr'>studuimus</span> <span class='ocrx_word' id='word_1_91' title='bbox 947 1542 966 1575; x_wconf 92' lang='lat'>,</span> <span class='ocrx_word' id='word_1_92' title='bbox 1000 1515 1069 1560; x_wconf 87' lang='lat' dir='ltr'>se</span> <span class='ocrx_word' id='word_1_93' title='bbox 1155 1490 1406 1582; x_wconf 88' lang='lat' dir='ltr'>quibus</span> <span class='ocrx_word' id='word_1_94' title='bbox 1437 1490 1750 1563; x_wconf 83' lang='lat' dir='ltr'>viximus.</span> 
     </span>
    </p>
   </div>
   <div class='ocr_carea' id='block_1_3' title="bbox 244 1599 1850 1876">
    <p class='ocr_par' dir='ltr' id='par_1_3' title="bbox 244 1599 1850 1876">
     <span class='ocr_line' id='line_1_16' title="bbox 336 1599 1849 1692; baseline -0.001 -18"><span class='ocrx_word' id='word_1_95' title='bbox 336 1610 491 1674; x_wconf 89' lang='lat' dir='ltr'>Nec</span> <span class='ocrx_word' id='word_1_96' title='bbox 520 1625 683 1673; x_wconf 78' lang='lat' dir='ltr'>vero</span> <span class='ocrx_word' id='word_1_97' title='bbox 706 1652 726 1684; x_wconf 88' lang='lat'><strong><em>,</em></strong></span> <span class='ocrx_word' id='word_1_98' title='bbox 760 1599 816 1670; x_wconf 89' lang='lat' dir='ltr'>si</span> <span class='ocrx_word' id='word_1_99' title='bbox 850 1609 1247 1690; x_wconf 67' lang='lat' dir='ltr'>geometrae„</span> <span class='ocrx_word' id='word_1_100' title='bbox 1279 1611 1346 1667; x_wconf 90' lang='lat' dir='ltr'>et</span> <span class='ocrx_word' id='word_1_101' title='bbox 1379 1599 1849 1692; x_wconf 83' lang='lat' dir='ltr'>grammatici,</span> 
     </span>
     <span class='ocr_line' id='line_1_17' title="bbox 244 1685 1850 1784; baseline -0.002 -16"><span class='ocrx_word' id='word_1_102' title='bbox 244 1707 790 1784; x_wconf 79' lang='lat' dir='ltr'>caeterarumque</span> <span class='ocrx_word' id='word_1_103' title='bbox 825 1689 1079 1760; x_wconf 88' lang='lat' dir='ltr'>artium</span> <span class='ocrx_word' id='word_1_104' title='bbox 1117 1685 1535 1782; x_wconf 82' lang='lat' dir='ltr'>professores</span> <span class='ocrx_word' id='word_1_105' title='bbox 1567 1718 1850 1765; x_wconf 87' lang='lat' dir='ltr'>omnem</span> 
     </span>
     <span class='ocr_line' id='line_1_18' title="bbox 244 1781 1848 1876; baseline 0 -18"><span class='ocrx_word' id='word_1_106' title='bbox 244 1806 446 1858; x_wconf 83' lang='lat' dir='ltr'>suam</span> <span class='ocrx_word' id='word_1_107' title='bbox 486 1785 697 1858; x_wconf 86' lang='lat' dir='ltr'>vitam</span> <span class='ocrx_word' id='word_1_108' title='bbox 730 1837 750 1868; x_wconf 85' lang='lat'><strong>‚</strong></span> <span class='ocrx_word' id='word_1_109' title='bbox 783 1781 1164 1875; x_wconf 83' lang='lat' dir='ltr'>quamlibet</span> <span class='ocrx_word' id='word_1_110' title='bbox 1210 1781 1418 1876; x_wconf 82' lang='lat' dir='ltr'>longa</span> <span class='ocrx_word' id='word_1_111' title='bbox 1449 1783 1662 1855; x_wconf 85' lang='lat' dir='ltr'>fuerit</span> <span class='ocrx_word' id='word_1_112' title='bbox 1689 1839 1712 1873; x_wconf 87' lang='lat'>,</span> <span class='ocrx_word' id='word_1_113' title='bbox 1768 1786 1848 1858; x_wconf 85' lang='lat' dir='ltr'>in</span> 
     </span>
    </p>
   </div>
   <div class='ocr_carea' id='block_1_4' title="bbox 238 1874 1908 1974">
    <p class='ocr_par' dir='ltr' id='par_1_4' title="bbox 238 1874 1908 1974">
     <span class='ocr_line' id='line_1_19' title="bbox 238 1874 1908 1974; baseline 0 -22"><span class='ocrx_word' id='word_1_114' title='bbox 238 1877 549 1974; x_wconf 85' lang='lat' dir='ltr'>singulis</span> <span class='ocrx_word' id='word_1_115' title='bbox 586 1874 850 1947; x_wconf 88' lang='lat' dir='ltr'>artibus</span> <span class='ocrx_word' id='word_1_116' title='bbox 895 1888 1501 1969; x_wconf 82' lang='lat' dir='ltr'>consumpserunt,</span> <span class='ocrx_word' id='word_1_117' title='bbox 1533 1877 1852 1973; x_wconf 72' lang='lat' dir='ltr'>sequitui:</span> <span class='ocrx_word' id='word_1_118' title='bbox 1905 1934 1908 1937; x_wconf 81' lang='lat'><em>-</em></span> 
     </span>
    </p>
   </div>
   <div class='ocr_carea' id='block_1_5' title="bbox 226 1967 1851 2073">
    <p class='ocr_par' dir='ltr' id='par_1_5' title="bbox 226 1967 1851 2073">
     <span class='ocr_line' id='line_1_20' title="bbox 226 1967 1851 2073; baseline 0 -30"><span class='ocrx_word' id='word_1_119' title='bbox 226 1986 323 2043; x_wconf 52' lang='lat' dir='ltr'>‘ut</span> <span class='ocrx_word' id='word_1_120' title='bbox 342 1973 587 2066; x_wconf 86' lang='lat' dir='ltr'>plures</span> <span class='ocrx_word' id='word_1_121' title='bbox 616 1967 947 2065; x_wconf 82' lang='lat' dir='ltr'>quasdam</span> <span class='ocrx_word' id='word_1_122' title='bbox 970 1969 1146 2039; x_wconf 80' lang='lat' dir='ltr'>vitas</span> <span class='ocrx_word' id='word_1_123' title='bbox 1179 1968 1265 2038; x_wconf 88' lang='lat' dir='ltr'>ad</span> <span class='ocrx_word' id='word_1_124' title='bbox 1290 1968 1490 2073; x_wconf 84' lang='lat' dir='ltr'>plura</span> <span class='ocrx_word' id='word_1_125' title='bbox 1515 1969 1851 2043; x_wconf 81' lang='lat' dir='ltr'>discenda</span> 
     </span>
    </p>
   </div>
   <div class='ocr_carea' id='block_1_6' title="bbox 236 2049 1892 2155">
    <p class='ocr_par' dir='ltr' id='par_1_6' title="bbox 236 2049 1892 2155">
     <span class='ocr_line' id='line_1_21' title="bbox 236 2049 1892 2155; baseline -0.001 -18"><span class='ocrx_word' id='word_1_126' title='bbox 236 2062 749 2137; x_wconf 86' lang='lat' dir='ltr'>desideremus.</span> <span class='ocrx_word' id='word_1_127' title='bbox 797 2066 1035 2152; x_wconf 88' lang='lat' dir='ltr'>Neque</span> <span class='ocrx_word' id='word_1_128' title='bbox 1084 2058 1188 2129; x_wconf 83' lang='lat' dir='ltr'>illi</span> <span class='ocrx_word' id='word_1_129' title='bbox 1248 2049 1646 2133; x_wconf 74' lang='lat' dir='ltr'>didicerunt</span> <span class='ocrx_word' id='word_1_130' title='bbox 1701 2063 1892 2155; x_wconf 6' lang='lat' dir='ltr'>haeox</span> 
     </span>
    </p>
   </div>
   <div class='ocr_carea' id='block_1_7' title="bbox 148 2149 1856 3079">
    <p class='ocr_par' dir='ltr' id='par_1_7' title="bbox 148 2149 1849 2429">
     <span class='ocr_line' id='line_1_22' title="bbox 148 2149 1849 2249; baseline -0.001 -22"><span class='ocrx_word' id='word_1_131' title='bbox 148 2206 157 2209; x_wconf 93' lang='lat'>-</span> <span class='ocrx_word' id='word_1_132' title='bbox 238 2180 475 2249; x_wconf 83' lang='lat' dir='ltr'>usque</span> <span class='ocrx_word' id='word_1_133' title='bbox 511 2153 587 2223; x_wconf 89' lang='lat' dir='ltr'>in</span> <span class='ocrx_word' id='word_1_134' title='bbox 620 2163 1092 2237; x_wconf 83' lang='lat' dir='ltr'>senectutem,</span> <span class='ocrx_word' id='word_1_135' title='bbox 1144 2149 1266 2221; x_wconf 88' lang='lat' dir='ltr'>sed</span> <span class='ocrx_word' id='word_1_136' title='bbox 1311 2176 1392 2221; x_wconf 84' lang='lat' dir='ltr'>ea</span> <span class='ocrx_word' id='word_1_137' title='bbox 1451 2152 1595 2223; x_wconf 83' lang='lat' dir='ltr'>sola</span> <span class='ocrx_word' id='word_1_138' title='bbox 1646 2149 1849 2224; x_wconf 78' lang='lat' dir='ltr'>didi-</span> 
     </span>
     <span class='ocr_line' id='line_1_23' title="bbox 236 2242 1848 2329; baseline -0.001 -10"><span class='ocrx_word' id='word_1_139' title='bbox 236 2247 427 2319; x_wconf 87' lang='lat' dir='ltr'>cisse</span> <span class='ocrx_word' id='word_1_140' title='bbox 482 2245 791 2316; x_wconf 87' lang='lat' dir='ltr'>contenti</span> <span class='ocrx_word' id='word_1_141' title='bbox 836 2242 1120 2313; x_wconf 82' lang='lat' dir='ltr'>fuerunt</span> <span class='ocrx_word' id='word_1_142' title='bbox 1166 2296 1185 2329; x_wconf 90' lang='lat'><strong>,</strong></span> <span class='ocrx_word' id='word_1_143' title='bbox 1235 2268 1316 2313; x_wconf 87' lang='lat' dir='ltr'>ac</span> <span class='ocrx_word' id='word_1_144' title='bbox 1365 2256 1470 2313; x_wconf 88' lang='lat' dir='ltr'>tot</span> <span class='ocrx_word' id='word_1_145' title='bbox 1505 2270 1721 2317; x_wconf 89' lang='lat' dir='ltr'>annos</span> <span class='ocrx_word' id='word_1_146' title='bbox 1770 2247 1848 2317; x_wconf 89' lang='lat' dir='ltr'>in</span> 
     </span>
     <span class='ocr_line' id='line_1_24' title="bbox 234 2333 1844 2429; baseline -0.001 -18"><span class='ocrx_word' id='word_1_147' title='bbox 234 2336 521 2411; x_wconf 84' lang='lat' dir='ltr'>utendo</span> <span class='ocrx_word' id='word_1_148' title='bbox 545 2391 565 2422; x_wconf 89' lang='lat'>‚</span> <span class='ocrx_word' id='word_1_149' title='bbox 601 2361 743 2406; x_wconf 91' lang='lat' dir='ltr'>non</span> <span class='ocrx_word' id='word_1_150' title='bbox 777 2335 849 2405; x_wconf 91' lang='lat' dir='ltr'>in</span> <span class='ocrx_word' id='word_1_151' title='bbox 882 2333 1332 2429; x_wconf 83' lang='lat' dir='ltr'>percipiendo</span> <span class='ocrx_word' id='word_1_152' title='bbox 1363 2334 1844 2411; x_wconf 83' lang='lat' dir='ltr'>exhauserunt.</span> 
     </span>
    </p>

    <p class='ocr_par' dir='ltr' id='par_1_8' title="bbox 212 2426 1856 3079">
     <span class='ocr_line' id='line_1_25' title="bbox 302 2426 1848 2525; baseline 0.001 -23"><span class='ocrx_word' id='word_1_153' title='bbox 302 2436 651 2503; x_wconf 76' lang='lat' dir='ltr'>Caeterum</span> <span class='ocrx_word' id='word_1_154' title='bbox 696 2440 772 2497; x_wconf 90' lang='lat' dir='ltr'>ut</span> <span class='ocrx_word' id='word_1_155' title='bbox 814 2426 898 2497; x_wconf 89' lang='lat' dir='ltr'>de</span> <span class='ocrx_word' id='word_1_156' title='bbox 932 2432 1238 2498; x_wconf 88' lang='lat' dir='ltr'>Homero</span> <span class='ocrx_word' id='word_1_157' title='bbox 1269 2440 1529 2499; x_wconf 80' lang='lat' dir='ltr'>taceam</span> <span class='ocrx_word' id='word_1_158' title='bbox 1552 2483 1572 2516; x_wconf 87' lang='lat'>‚</span> <span class='ocrx_word' id='word_1_159' title='bbox 1607 2427 1680 2501; x_wconf 90' lang='lat' dir='ltr'>in</span> <span class='ocrx_word' id='word_1_160' title='bbox 1707 2457 1848 2525; x_wconf 88' lang='lat' dir='ltr'>quo</span> 
     </span>
     <span class='ocr_line' id='line_1_26' title="bbox 232 2519 1847 2613; baseline 0.001 -19"><span class='ocrx_word' id='word_1_161' title='bbox 232 2522 522 2595; x_wconf 78' lang='lat' dir='ltr'>nullius</span> <span class='ocrx_word' id='word_1_162' title='bbox 572 2546 716 2591; x_wconf 86' lang='lat' dir='ltr'>non</span> <span class='ocrx_word' id='word_1_163' title='bbox 757 2519 925 2591; x_wconf 89' lang='lat' dir='ltr'>artis</span> <span class='ocrx_word' id='word_1_164' title='bbox 972 2533 1091 2590; x_wconf 88' lang='lat' dir='ltr'>aut</span> <span class='ocrx_word' id='word_1_165' title='bbox 1123 2521 1465 2613; x_wconf 83' lang='lat' dir='ltr'>perfecta,</span> <span class='ocrx_word' id='word_1_166' title='bbox 1505 2535 1627 2593; x_wconf 85' lang='lat' dir='ltr'>aut</span> <span class='ocrx_word' id='word_1_167' title='bbox 1661 2522 1847 2597; x_wconf 79' lang='lat' dir='ltr'>certe</span> 
     </span>
     <span class='ocr_line' id='line_1_27' title="bbox 212 2611 1848 2707; baseline 0 -20"><span class='ocrx_word' id='word_1_168' title='bbox 212 2622 397 2687; x_wconf 38' lang='lat' dir='ltr'>*non</span> <span class='ocrx_word' id='word_1_169' title='bbox 418 2611 667 2699; x_wconf 85' lang='lat' dir='ltr'>dubia,</span> <span class='ocrx_word' id='word_1_170' title='bbox 687 2611 973 2705; x_wconf 83' lang='lat' dir='ltr'>vestigia</span> <span class='ocrx_word' id='word_1_171' title='bbox 992 2614 1436 2707; x_wconf 78' lang='lat' dir='ltr'>reperiuntur</span> <span class='ocrx_word' id='word_1_172' title='bbox 1455 2638 1476 2699; x_wconf 89' lang='lat'>;</span> <span class='ocrx_word' id='word_1_173' title='bbox 1501 2626 1577 2685; x_wconf 87' lang='lat' dir='ltr'>ut</span> <span class='ocrx_word' id='word_1_174' title='bbox 1600 2616 1848 2695; x_wconf 81' lang='lat' dir='ltr'>Eleum</span> 
     </span>
     <span class='ocr_line' id='line_1_28' title="bbox 234 2704 1850 2869; baseline 0.004 -95"><span class='ocrx_word' id='word_1_175' title='bbox 234 2706 595 2869; x_wconf 48' lang='lat' dir='ltr'>Hiffipiam</span> <span class='ocrx_word' id='word_1_176' title='bbox 644 2717 986 2775; x_wconf 74' lang='lat' dir='ltr'>transeam</span> <span class='ocrx_word' id='word_1_177' title='bbox 1019 2758 1038 2792; x_wconf 86' lang='lat'>‚</span> <span class='ocrx_word' id='word_1_178' title='bbox 1094 2704 1216 2797; x_wconf 90' lang='lat' dir='ltr'>qui</span> <span class='ocrx_word' id='word_1_179' title='bbox 1259 2731 1400 2775; x_wconf 86' lang='lat' dir='ltr'>non</span> <span class='ocrx_word' id='word_1_180' title='bbox 1453 2706 1850 2786; x_wconf 81' lang='lat' dir='ltr'>liberalium</span> 
     </span>
     <span class='ocr_line' id='line_1_29' title="bbox 234 2794 1849 2891; baseline 0.002 -20"><span class='ocrx_word' id='word_1_181' title='bbox 234 2826 366 2874; x_wconf 86' lang='lat' dir='ltr'>mo</span> <span class='ocrx_word' id='word_1_182' title='bbox 428 2794 1019 2891; x_wconf 84' lang='lat' dir='ltr'>odisciplinarum</span> <span class='ocrx_word' id='word_1_183' title='bbox 1059 2808 1208 2891; x_wconf 83' lang='lat' dir='ltr'>prae&#39;</span> <span class='ocrx_word' id='word_1_184' title='bbox 1237 2824 1306 2869; x_wconf 90' lang='lat' dir='ltr'>se</span> <span class='ocrx_word' id='word_1_185' title='bbox 1341 2798 1696 2871; x_wconf 86' lang='lat' dir='ltr'>scientiam</span> <span class='ocrx_word' id='word_1_186' title='bbox 1738 2816 1849 2875; x_wconf 82' lang='lat' dir='ltr'>tu-</span> 
     </span>
     <span class='ocr_line' id='line_1_30' title="bbox 234 2888 1856 2985; baseline 0.003 -23"><span class='ocrx_word' id='word_1_187' title='bbox 234 2890 333 2962; x_wconf 87' lang='lat' dir='ltr'>lit</span> <span class='ocrx_word' id='word_1_188' title='bbox 368 2944 391 2977; x_wconf 91' lang='lat'>,</span> <span class='ocrx_word' id='word_1_189' title='bbox 427 2888 544 2959; x_wconf 88' lang='lat' dir='ltr'>sed</span> <span class='ocrx_word' id='word_1_190' title='bbox 578 2900 834 2961; x_wconf 84' lang='lat' dir='ltr'>vestem</span> <span class='ocrx_word' id='word_1_191' title='bbox 859 2901 929 2959; x_wconf 87' lang='lat' dir='ltr'>et</span> <span class='ocrx_word' id='word_1_192' title='bbox 962 2890 1299 2961; x_wconf 85' lang='lat' dir='ltr'>annulum</span> <span class='ocrx_word' id='word_1_193' title='bbox 1323 2944 1344 2980; x_wconf 87' lang='lat'>,</span> <span class='ocrx_word' id='word_1_194' title='bbox 1374 2892 1685 2985; x_wconf 85' lang='lat' dir='ltr'>crepidas</span> <span class='ocrx_word' id='word_1_195' title='bbox 1736 2921 1856 2985; x_wconf 85' lang='lat' dir='ltr'>ue,</span> 
     </span>
     <span class='ocr_line' id='line_1_31' title="bbox 236 2980 1850 3079; baseline 0.004 -26"><span class='ocrx_word' id='word_1_196' title='bbox 236 3009 413 3079; x_wconf 78' lang='lat' dir='ltr'>quae</span> <span class='ocrx_word' id='word_1_197' title='bbox 448 2980 681 3054; x_wconf 87' lang='lat' dir='ltr'>omnia</span> <span class='ocrx_word' id='word_1_198' title='bbox 714 3006 922 3051; x_wconf 90' lang='lat' dir='ltr'>manu</span> <span class='ocrx_word' id='word_1_199' title='bbox 957 3008 1079 3055; x_wconf 90' lang='lat' dir='ltr'>sua</span> <span class='ocrx_word' id='word_1_200' title='bbox 1114 2981 1368 3055; x_wconf 85' lang='lat' dir='ltr'>fecerat</span> <span class='ocrx_word' id='word_1_201' title='bbox 1393 3037 1413 3072; x_wconf 86' lang='lat'><strong>,</strong></span> <span class='ocrx_word' id='word_1_202' title='bbox 1445 2985 1523 3055; x_wconf 84' lang='lat' dir='ltr'>in</span> <span class='ocrx_word' id='word_1_203' title='bbox 1555 3010 1684 3059; x_wconf 86' lang='lat' dir='ltr'>usu</span> <span class='ocrx_word' id='word_1_204' title='bbox 1769 3014 1850 3059; x_wconf 69' lang='grc' dir='ltr'>ει·-</span> 
     </span>
    </p>
   </div>
   <div class='ocr_carea' id='block_1_8' title="bbox 222 3182 1858 3323">
    <p class='ocr_par' dir='ltr' id='par_1_9' title="bbox 222 3182 1858 3323">
     <span class='ocr_line' id='line_1_32' title="bbox 310 3182 1858 3253; baseline 0.007 -21"><span class='ocrx_word' id='word_1_205' title='bbox 310 3184 341 3251; x_wconf 93' lang='grc'><strong>(</strong></span> <span class='ocrx_word' id='word_1_206' title='bbox 362 3200 387 3232; x_wconf 86' lang='lat'>1</span> <span class='ocrx_word' id='word_1_207' title='bbox 418 3183 445 3249; x_wconf 93' lang='lat'>)</span> <span class='ocrx_word' id='word_1_208' title='bbox 469 3182 741 3253; x_wconf 81' lang='lat' dir='ltr'>Plusquam</span> <span class='ocrx_word' id='word_1_209' title='bbox 762 3183 893 3235; x_wconf 77' lang='lat' dir='ltr'>satis.</span> <span class='ocrx_word' id='word_1_210' title='bbox 914 3184 1093 3237; x_wconf 81' lang='lat' dir='ltr'>Malim</span> <span class='ocrx_word' id='word_1_211' title='bbox 1130 3184 1294 3251; x_wconf 81' lang='lat' dir='ltr'>legere</span> <span class='ocrx_word' id='word_1_212' title='bbox 1309 3222 1326 3249; x_wconf 87' lang='lat'>,</span> <span class='ocrx_word' id='word_1_213' title='bbox 1361 3187 1514 3253; x_wconf 75' lang='lat' dir='ltr'>spatii</span> <span class='ocrx_word' id='word_1_214' title='bbox 1542 3184 1786 3243; x_wconf 72' lang='lat' dir='ltr'>videntur</span> <span class='ocrx_word' id='word_1_215' title='bbox 1799 3198 1858 3243; x_wconf 72' lang='lat' dir='ltr'>et</span> 
     </span>
     <span class='ocr_line' id='line_1_33' title="bbox 222 3249 1542 3323; baseline 0.005 -20"><span class='ocrx_word' id='word_1_216' title='bbox 222 3249 457 3303; x_wconf 72' lang='lat' dir='ltr'>diuma.</span> <span class='ocrx_word' id='word_1_217' title='bbox 481 3250 647 3305; x_wconf 76' lang='lat' dir='ltr'>Etiam</span> <span class='ocrx_word' id='word_1_218' title='bbox 678 3250 876 3306; x_wconf 77' lang='lat' dir='ltr'>diurna.</span> <span class='ocrx_word' id='word_1_219' title='bbox 906 3251 1079 3307; x_wconf 78' lang='lat' dir='ltr'>Deleri</span> <span class='ocrx_word' id='word_1_220' title='bbox 1094 3252 1218 3307; x_wconf 79' lang='lat' dir='ltr'>forte</span> <span class='ocrx_word' id='word_1_221' title='bbox 1236 3252 1423 3323; x_wconf 81' lang='lat' dir='ltr'>possit,</span> <span class='ocrx_word' id='word_1_222' title='bbox 1449 3264 1542 3309; x_wconf 77' lang='lat' dir='ltr'>eto.</span> 
     </span>
    </p>
   </div>
   <div class='ocr_carea' id='block_1_9' title="bbox 1416 3324 1572 3400">
    <p class='ocr_par' dir='ltr' id='par_1_10' title="bbox 1416 3324 1572 3400">
     <span class='ocr_line' id='line_1_34' title="bbox 1416 3324 1572 3400; baseline -0.045 0"><span class='ocrx_word' id='word_1_223' title='bbox 1416 3324 1572 3400; x_wconf 76' lang='lat' dir='ltr'>RS</span> 
     </span>
    </p>
   </div>
   <div class='ocr_carea' id='block_1_10' title="bbox 2003 3472 2158 3513">
    <p class='ocr_par' dir='ltr' id='par_1_11' title="bbox 2003 3472 2158 3513">
     <span class='ocr_line' id='line_1_35' title="bbox 2003 3472 2158 3513; baseline 0 0"><span class='ocrx_word' id='word_1_224' title='bbox 2003 3478 2112 3513; x_wconf 59' lang='grc' dir='ltr'><em>Α</em></span> <span class='ocrx_word' id='word_1_225' title='bbox 2151 3472 2158 3513; x_wconf 66' lang='lat' dir='ltr'>i</span> 
     </span>
    </p>
   </div>
  </div>
 </body>
</html>
