2188 3757
466 222 599 290 260
920 215 1102 282 Lu.
1152 203 1293 280 XI.
1342 212 1533 279 CAr.
1586 212 1642 276 1.

460 331 702 378 nacem
728 331 869 376 esse
901 303 1235 398 propositi
1265 331 1280 371 ι
1305 295 1810 392 (1)ple‘rumque
1837 292 2033 365 velut

460 399 647 502 ipsos
708 397 975 468 coneris
1010 397 1281 478 ratione,
1331 393 1643 484 vincere,
1691 385 1877 480 quod
1922 398 2033 455 est

456 488 953 560 mollissimum.

465 623 469 628 ·
522 581 928 652 indecorum
950 592 1051 651 est
1067 603 1272 670 super
1287 574 1430 646 haec
1449 571 1679 644 omnia
1695 567 1991 642 nimium
2013 592 2032 636 ε
2073 653 2086 672 .

454 671 747 766 ideoque
773 673 979 744 etiam
1008 670 1196 764 quod
1241 681 1486 738 natura
1535 666 1635 735 rei
1669 662 1830 734 satis
1889 671 2030 752 ap}-

453 775 599 833 tum
646 776 782 850 est,
826 763 957 834 nisi
995 761 1198 830 modo
1225 784 1495 852 quoque
1547 767 1972 848 temperetur
2000 805 2021 838 ,

504 856 742 926 ratiam
790 853 1037 946 perdit.
1090 856 1303 940 Cujus
1343 849 1441 919 rei
1491 847 1873 918 observatio
1917 846 2028 934 ju-

503 946 636 1016 icio
670 946 885 1038 magis
926 940 1222 1037 quodam
1269 940 1557 1024 sentiri,
1613 961 1815 1032 quam
1852 961 2028 1030 prae-

451 1037 667 1130 ceptis
709 1034 887 1106 tradi
924 1047 1166 1142 potest.
1202 1039 1554 1122 Quantum
1598 1029 1759 1099 satis
1791 1029 1906 1113 sit,
1953 1041 2027 1098 et

448 1141 781 1220 quantum
816 1126 1153 1219 recipiant
1191 1149 1424 1207 aures,
1460 1148 1600 1193 non
1635 1119 1843 1190 habet
1877 1119 2023 1191 haec

448 1217 967 1288 res‘meri‘suram
992 1230 1061 1287 et
1092 1215 1283 1310 quasi
1308 1213 1576 1308 pondus
1586 1239 1609 1298 3
1631 1212 1918 1305 quia,ut
1942 1213 2020 1282 in

446 1309 617 1380 cibis
637 1362 656 1394 ‚
682 1310 815 1378 alia
842 1307 993 1378 aliis
1020 1309 1234 1412 magis
1259 1305 1623 1398 complent.

531 1399 1017 1488 Adjiciendum
1072 1411 1278 1467 etiam
1340 1395 1645 1467 breviter
1692 1392 2020 1480 videtur,

442 1491 629 1582 quod
680 1490 819 1558 fere
874 1487 1151 1558 dicendi
1201 1487 1488 1558 virtutes
1539 1485 2016 1557 diversissimae

438 1605 583 1652 non
616 1581 835 1652 solum
869 1607 1027 1650 suos
1061 1591 1392 1648 amatores
1411 1577 1711 1648 habeant
1737 1630 1757 1662 ‚
1777 1577 1898 1646 sed
1921 1579 2011 1648 ab

440 1672 697 1743 eisdem
749 1699 918 1766 saepe
984 1671 1374 1743 laudentur.
1419 1677 1594 1740 Nam
1623 1668 1863 1739 Cicero
1901 1676 2010 1754 (2)

436 1763 737 1854 quodam
754 1764 907 1834 loco
937 1761 1198 1845 scribit,
1225 1762 1306 1835 id
1314 1786 1452 1831 esse
1479 1765 1810 1850 optimum,
1827 1761 2020 1852 quod

434 1877 582 1925 cum
598 1849 873 1946 lesadt‘le
894 1852 1253 1924 credideris
1268 1856 1577 1945 consequi
1596 1854 1970 1925 imitatione
1985 1904 2009 1937 ‚

434 1970 563 2014 non
580 1949 817 2035 possis.
852 1944 1012 2015 Alio
1047 1969 1208 2015 vero
1227 1995 1248 2030 ,
1277 1970 1407 2016 non
1437 1968 1508 2013 se
1542 1945 1624 2015 id
1643 1948 1854 2035 egisse
1879 1995 1898 2029 ‚
1937 1955 2019 2013 ut

430 2038 529 2107 ila
560 2037 805 2107 diceret
822 2088 841 2121 ‚
876 2036 1212 2129 quomodo
1244 2060 1315 2107 se
1337 2034 1612 2127 quilibet
1625 2059 1819 2126 posse
1846 2060 2013 2105 con-

424 2126 697 2213 fideret,
726 2128 851 2199 sed
890 2127 1223 2219 quomodo
1275 2152 1481 2197 nemo.
1531 2125 1737 2214 Quod
1775 2137 2010 2217 potest

428 2242 737 2311 pugnare
772 2218 957 2288 inter
1002 2244 1073 2289 se
1107 2216 1348 2288 videri.
1405 2223 1664 2289 Verum
1719 2228 2008 2287 utrum-

477 2333 601 2394 ue,
634 2334 713 2378 ac
729 2308 974 2379 merito
995 2361 1014 2395 ‚
1036 2308 1378 2379 laudatur.
1400 2308 1623 2380 Causa
1649 2306 1833 2378 enim
1859 2334 2008 2378 mo-

478 2423 655 2492 oque
675 2399 881 2471 distat
910 2424 934 2484 3
966 2400 1128 2492 quia
1153 2399 1551 2492 simplicitas
1584 2398 1701 2471 illa
1722 2453 1742 2486 ‚
1764 2412 1834 2469 et
1865 2426 2002 2483 ve·-

422 2486 530 2561 lut
582 2490 909 2564 securitas
960 2490 1363 2563 inaffectatae
1409 2489 1998 2576 orationis‚'mire

419 2592 663 2652 tenues
687 2606 930 2653 causas
959 2581 1194 2669 decet3
1226 2581 1598 2673 majoribus
1654 2582 1828 2657 illud
1871 2583 1999 2657 ad·-

400 2671 733 2743 mirabile
768 2672 1045 2745 dicendi
1072 2700 1288 2781 genus
1306 2675 1519 2767 magis
1551 2674 1892 2745 convenit.
1909 2680 1995 2746 In

416 2773 709 2865 utroque
736 2764 992 2836 eminet
1024 2770 1296 2851 Cicero,
1319 2766 1662 2860 exquibus
1687 2766 1982 2836 alterum

414 2852 715 2943 imperiti
742 2880 811 2924 se
846 2880 1039 2945 posse
1078 2858 1404 2952 consequi
1439 2857 1720 2929 credent
1746 2883 1770 2945 3
1801 2883 1990 2931 neu-

408 2953 633 3029 trum,
658 2944 775 3037 qui
810 2944 1236 3037 intelligunt.

472 3066 578 3135 (1)
603 3068 867 3144 §aspectus
886 3066 1018 3117 mihi
1046 3067 1134 3119 hic
1161 3070 1315 3123 loeus.
1345 3072 1401 3125 Si
1432 3056 1566 3142 ipsos·
1585 3092 1795 3143 ,nempe
1813 3084 1982 3130 contra

410 3148 537 3200 quos
564 3134 691 3215 §heis
702 3172 725 3211 ‚⁹
742 3152 841 3189 non
864 3134 1061 3213 insenso
1082 3148 1130 3185 et
1154 3134 1324 3187 hostili
1341 3139 1511 3190 :mimo
1535 3158 1706 3208 urgeas
1719 3180 1736 3207 ,
1754 3140 1839 3191 sed
1855 3144 1986 3195 velut

404 3213 813 3315 :ffifssgssmne
830 3218 1028 3253 vincere
1041 3200 1289 3254 moderate
1305 3204 1558 3273 loquendo
1569 3242 1587 3269 ‚
1601 3219 1652 3259 et
1672 3223 1843 3261 eorum
1863 3208 1982 3263 vitia

476 3326 545 3398 (α
562 3331 586 3398 )
617 3330 747 3385 Vide
775 3331 1067 3387 Ciceronem
1088 3333 1151 3389 de
1168 3316 1409 3408 Ὀι-αῑοτὲ,
1438 3336 1526 3409 76.

2149 3184 2160 3215 4
