2188 3757
334 317 469 384 292
680 299 865 384 Lu.
924 299 1063 368 xl.
1131 293 1334 369 θλ».
1383 299 1544 369 111.1
1609 330 1614 334 ·

332 411 556 482 neque
612 385 774 471 diu,
826 413 1048 483 neque
1084 411 1260 470 ⁸‘eum
1315 415 1484 460 sono
1535 385 1926 474 faciamus.-

328 481 871 573 nequeomnino
902 482 1437 565 utma'nifestum
1463 482 1548 552 sit
1577 480 1920 573 :reliquis

326 570 643 666 partibus
677 573 935 666 optime
967 571 1543 665 inter-juncturas
1582 573 1917 644 sermonis
1973 579 1982 584 ’

324 663 794 736 revocabitur.
1042 695 1049 700 ·

416 754 859 826 Exercendus
885 765 1113 826 autem
1149 767 1286 840 est,
1309 769 1383 826 ut
1415 755 1502 826 sit
1533 777 1738 850 quam
1763 751 1918 824 lon*

324 845 684 940 gissimus:
721 846 906 938 quod
936 847 1437 918 Demosthenes
1473 861 1545 917 ut
1573 846 1914 930 efficeret,

324 937 662 1008 scandens
700 937 772 1008 in
820 935 1180 1008 adversum
1217 939 1669 1010 continuabat
1708 961 1916 1029 quam

322 1043 551 1126 posset
587 1029 917 1123 plurimos
949 1055 1203 1100 versus.
1229 1032 1414 1102 Idem
1438 1085 1454 1110 ,
1487 1057 1625 1125 quo
1645 1027 1916 1098 facilius

324 1121 533 1194 verba
566 1147 685 1191 ore
717 1121 936 1191 libero
967 1123 1415 1214 exprimeret,
1455 1120 1755 1192 calculos
1780 1119 1915 1190 lirr-

320 1238 459 1308 gua
496 1214 775 1284 volvens
810 1211 1037 1282 dicere
1064 1213 1249 1284 domi
1285 1215 1568 1284 solebat.
1877 1223 1882 1228 ’

414 1309 535 1373 Est
588 1303 862 1395 interim
915 1317 982 1374 et
1032 1304 1318 1398 longus,
1377 1319 1446 1375 et
1496 1305 1790 1399 plenus,
1841 1313 1915 1372 et

323 1395 573 1466 clarus.
600 1395 765 1466 satis
832 1395 1114 1484 spiritus
1141 1451 1159 1480 ‚
1225 1423 1362 1467 non
1423 1411 1651 1467 tamen
1705 1395 1913 1464 firinae

323 1485 757 1569 intentionis,
784 1484 1073 1579 ideoque
1100 1489 1472 1574 tremulus;
1505 1501 1578 1558 ut
1599 1509 1911 1579 corpora,

322 1604 473 1685 quae
511 1596 786 1675 aspectu
846 1576 1149 1674 integra,
1209 1581 1432 1653 nervis
1469 1605 1704 1674 parum
1749 1603 1914 1650 sus-

321 1683 660 1744 tnnentur.
688 1675 763 1747 Id
786 1685 886 1766 (ι)
924 1682 1159 1754 &drzu
1191 1673 1407 1744 Graeci
1437 1683 1703 1756 vocant.
1734 1677 1914 1742 Sunt

320 1763 800 1923 3uispiritum
847 1795 1001 1839 cum
1052 1766 1344 1836 stridore
1397 1790 1517 1854 per
1559 1763 1912 1833 raritatem

374 1856 637 1927 entium
696 1886 834 1930 non
892 1858 1235 1951 recipiunt
1271 1910 1291 1942 ‚
1346 1856 1468 1928 sed
1529 1854 1910 1926 resorbeat.

320 1950 496 2016 Sunt
541 1948 659 2043 qui
708 1951 951 2022 crebro
998 1948 1362 2035 anhelitu,
1409 1961 1479 2019 et
1533 1948 1910 2029 introrsum

320 2037 529 2108 etiam
582 2040 761 2113 clare
809 2055 1139 2127 sonante,
1192 2040 1552 2111 imitentur
1599 2043 1911 2128 jumenta

320 2152 531 2201 onere
567 2145 637 2203 et
674 2140 837 2229 jugo
886 2132 1294 2206 laborantia.
1341 2130 1546 2221 Quod
1585 2132 1910 2200 affectant

318 2242 643 2316 quoque,
699 2239 1022 2321 tanquam
1074 2224 1496 2296 inventionis
1538 2222 1738 2314 copia
1791 2246 1911 2291 ur·-

318 2326 615 2405 geantur
632 2370 651 2399 ‚
674 2324 1025 2411 majorque
1045 2318 1146 2387 vis
1173 2314 1578 2409 eloquentiae
1605 2314 1912 2405 ingruat,

318 2428 525 2497 quam
541 2430 687 2501 quae
708 2409 929 2479 emitti
948 2408 1264 2479 faucibus
1285 2408 1652 2501 possit.Est
1670 2417 1738 2473 et
1751 2403 1906 2475 aliis

319 2519 694 2570 concursus
719 2502 897 2587 oris,
932 2515 1001 2571 et
1032 2526 1190 2570 cum
1222 2498 1447 2571 verbis
1473 2497 1613 2569 suis
1645 2495 1908 2565 colluc-

315 2587 515 2659 tatio.
564 2594 720 2661 Jam
752 2592 1031 2677 tussire,
1061 2604 1131 2661 et
1163 2614 1488 2683 exspuere
1523 2586 1766 2659 crebro
1790 2640 1810 2671 ‚
1836 2599 1907 2658 et

318 2676 406 2747 ab
443 2678 580 2750 imo
614 2683 941 2775 pulmone
971 2682 1291 2776 pituitam
1327 2678 1652 2751 trochleis
1683 2678 1908 2749 addu-

316 2792 502 2855 cere,
544 2784 614 2841 et
650 2775 790 2845 oris
826 2774 1114 2845 humore
1156 2772 1497 2879 proximos
1535 2794 1854 2863 spargere
1881 2822 1904 2857 ,

317 2872 390 2930 et
419 2864 745 2955 majorem
794 2881 1054 2957 partem
1086 2864 1368 2958 spu-itus
1401 2864 1474 2943 in
1509 2861 1902 2955 eloquendo

314 2976 442 3045 per
482 2968 681 3026 nares
728 2956 1118 3041 effundere-3
1161 2954 1427 3027 etiamsi
1469 2980 1612 3025 nou
1661 2954 1903 3048 utique

313 3044 502 3115 vocis
535 3054 719 3117 sunt'
742 3048 947 3133 vitia,
991 3048 1154 3155 quia
1207 3059 1434 3118 tamen
1469 3058 1751 3141 propter
1787 3072 1907 3118 vo-

312 3156 462 3245 cet-n
489 3138 855 3227 accidunt,
892 3140 1323 3240 potissimum
1355 3137 1521 3209 huic
1559 3136 1712 3209 loco
1737 3138 1906 3211 §ub-

310 3242 666 3317 Jiciantur.
1378 3300 1382 3305 .
1439 3234 1443 3243 ’

404 3318 543 3388 Sed
592 3318 1054 3416 quodcunque
1100 3347 1182 3393 ex
1234 3320 1344 3395 his
1389 3320 1638 3399 vitium
1682 3320 1904 3421 magi?

380 3440 1234 3517 (annuc-dinemquandnm„
1369 3450 1378 3499 ζ
1441 3426 1446 3433 ’
1883 3462 1896 3487 2
