2188 3757
365 159 492 223 180
783 156 970 222 Lm.
1025 155 1118 220 X.
1170 153 1351 222 Gn.
1412 155 1467 220 1.
1526 217 1537 224 .

357 248 510 334 ejus
565 254 878 314 auctores
921 266 938 307 :
995 243 1491 334 Aristophanes
1550 252 1827 331 tamen,
1870 256 1947 320 et

357 333 648 430 Eupolis
676 334 1131 426 Cratinusque
1160 333 1508 426 praecipui.
1910 381 1917 404 2

416 427 850 534 *Tragoedias
901 427 1165 518 primus
1203 425 1277 494 in
1326 424 1549 504 lucem
1576 424 1939 518 AEschylus

357 519 652 614 protulit
681 572 704 604 ‚
747 517 1056 588 sublimis
1089 528 1158 585 et
1186 515 1441 608 graviS,
1472 529 1542 589 et
1577 517 1943 588 orandilo-

359 637 542 703 quus
579 635 752 704 saepe
794 635 1006 702 usque
1039 607 1129 678 ad
1156 609 1401 678 vitium
1429 658 1450 690 ‚
1488 567 1617 678 sed¹
1640 607 1831 680 rudis
1861 608 1937 679 in

355 701 704 796 plerisque
739 714 807 770 et
840 700 1068 770 incom
1118 697 1377 768 esitus:
1428 711 1707 790 propter
1747 701 1939 858 de

356 806 699 864 correctas
733 797 880 882 ejus
913 791 1074 860 fabu
1106 815 1177 859 as
1199 789 1277 858 in
1299 803 1640 860 certamen
1666 788 1747 860 de
1783 817 1935 862 erre

354 883 858 978 posterioribus
912 882 1131 976 poetis
1174 880 1633 952 Athenienses
1682 882 1937 973 permi-

351 1001 504 1048 sere
530 1028 549 1059 ,
587 987 882 1067 suntque
917 1000 1004 1044 eo
1033 972 1239 1042 modo
1265 969 1465 1042 multi
1499 973 1833 1042 coronati.

445 1065 580 1138 Sed
635 1067 840 1158 longe
902 1065 1153 1136 clarius
1213 1063 1726 1134 illustraverunt
1795 1063 1933 1136 hoc

349 1181 530 1252 opus
574 1156 945 1252 Sophocles
969 1170 1173 1250 atque
1194 1153 1559 1247 Euripides
1584 1180 1605 1224 ε
1634 1179 1946 1246 quorum-

349 1249 428 1322 in
465 1248 723 1342 dispari
753 1249 1030 1320 dicendi
1066 1247 1175 1316 via
1216 1259 1369 1324 uter
1409 1246 1497 1314 sit
1537 1255 1736 1336 poeta
1770 1272 1931 1318 me·—

343 1340 484 1411 lior
510 1392 531 1424 ‚
570 1345 752 1409 inter
795 1339 1127 1430 plurimos
1157 1336 1507 1429 quaeritur.
1551 1337 1761 1427 quue
1795 1362 1925 1431 ego

345 1455 559 1515 sane,
605 1431 934 1523 quoniam
979 1427 1070 1498 ad
1122 1438 1519 1518 praesentem
1568 1429 1925 1500 materiam

341 1521 524 1597 nihi}
607 1521 911 1614 pertinet
949 1571 972 1604 ‚
1052 1517 1505 1608 injudicatum
1576 1518 1923 1612 relinquo.

255 1693 270 1698 s
337 1612 524 1684 Illud
568 1612 844 1706 quidem
882 1635 1082 1682 nemo
1132 1635 1273 1679 non
1317 1609 1611 1678 fateatur
1642 1634 1917 1682 necesse

341 1715 484 1793 est,
525 1703 650 1791 iis,
693 1703 810 1797 qui
845 1725 916 1774 se
959 1701 1046 1772 ad
1077 1699 1417 1794 agendum
1464 1714 1865 1792 comparant
1897 1755 1922 1790 ,
1960 1731 1967 1738 ’

339 1797 694 1869 utiliorem
730 1797 932 1886 longe
963 1791 1368 1885 Euripidem
1400 1791 1570 1870 fore.
1604 1797 1919 1887 Namque

337 1886 399 1959 is
450 1902 518 1957 et
549 1885 630 1955 in.
649 1910 974 1955 sermone
1026 1882 1257 1975 (quod
1291 1883 1512 1975 ipsum
1544 1883 1916 1975 reprehen-

331 1978 515 2047 dunt
556 2028 575 2060 ‚
633 1974 886 2071 quihus
943 1974 1239 2068 gravitas
1294 1987 1365 2043 et
1412 1972 1795 2046 cothurnus
1843 1990 1915 2047 et

335 2093 547 2139 sonus
587 2066 952 2157 Sophoclis
991 2066 1267 2137 videtur
1304 2090 1447 2135 esse
1490 2063 1909 2154 sublimior)

331 2160 552 2253 magis
589 2158 852 2231 accedit
883 2157 1199 2231 oratorio
1219 2155 1453 2248 generi
1479 2180 1503 2243 3
1536 2168 1605 2227 et
1636 2170 1911 2229 senten·-

327 2252 448 2321 tiis
490 2250 782 2335 densus3
821 2261 891 2319 et
930 2250 1005 2318 in
1046 2250 1131 2319 iis
1156 2300 1177 2332 ‚
1226 2273 1377 2341 quae
1408 2272 1445 2315 a
1481 2247 1911 2339 sapientibus

327 2340 586 2419 tradita
601 2353 763 2411 sunt
786 2392 812 2425 ,
832 2364 1003 2431 pene
1033 2338 1203 2431 ipsis
1236 2350 1339 2408 est
1356 2362 1524 2441 par3
1566 2350 1635 2409 et
1661 2337 1735 2409 in
1783 2339 1907 2411 di-

327 2432 554 2503 cendo
603 2444 683 2501 ac'
733 2428 1215 2522 respon-dendo
1266 2426 1554 2498 cuilibet
1608 2454 1849 2503 eorum
1882 2484 1907 2519 ,

324 2525 446 2618 qui
473 2523 755 2598 fuerunt
781 2522 853 2592 in
880 2521 1033 2593 foro
1063 2518 1349 2604 diserti,
1380 2521 1905 2613 comparandus,

323 2620 408 2687 In
453 2612 819 2688 affectibus
853 2638 1018 2689 vero
1065 2638 1221 2683 cum
1271 2610 1591 2683 omnibus
1634 2611 1851 2685 mirus
1879 2632 1933 2702 ,’

322 2719 474 2775 tum
497 2704 570 2775 in
613 2705 732 2788 iis,
766 2704 888 2797 qui
920 2704 1362 2777 miseratione
1400 2714 1717 2781 constant
1739 2756 1766 2793 2
1800 2706 1903 2775 fa·

323 2794 458 2867 cile
494 2796 903 2886 praeeipuuS.

412 2892 620 2955 Hunc
645 2898 716 2953 et
739 2884 1117 2957 admiratus
1140 2883 1433 2956 maxime
1454 2896 1553 2959 est
1584 2890 1697 2969 (ut
1720 2912 1899 2980 saepe

313 2982 652 3061 testatur)
688 2988 756 3044 et
798 2988 1109 3061 secutus,
1150 3000 1539 3069 quanquam
1574 2976 1648 3045 in
1686 3003 1897 3071 opere

313 3068 620 3154 diverso,
646 3066 1084 3153 Menander:
1126 3066 1247 3159 qui
1296 3066 1407 3137 vel
1454 3091 1631 3137 unus
1658 3121 1681 3153 ‚
1734 3094 1891 3141 meo

311 3160 593 3255 quidem
653 3157 922 3248 judicio
955 3210 978 3243 ‚
1041 3157 1414 3249 diligenter
1478 3156 1693 3237 lectus
1718 3212 1739 3245 ,
1802 3162 1891 3233 ad
1960 3176 1985 3189 ·

305 3264 596 3337 cuncta,
639 3275 787 3343 quae
830 3249 1283 3344 praecipimus,
1316 3249 1707 3343 effingenda
1746 3252 1893 3323 sus-
