2188 3757
325 138 451 204 160
749 136 925 199 Lus.
978 134 1107 197 lx.
1157 133 1336 198 ΕΑΓ.
1386 134 1516 197 IV.

318 224 524 317 pedes
566 222 686 291 ire.
719 228 892 291 Nam
929 234 996 289 et
1029 218 1461 289 versificandi
1491 245 1704 311 genus
1736 234 1886 307 est,

317 342 524 385 unam
561 312 778 405 legem
828 310 1147 381 omnibus
1201 312 1629 380 sermonibus
1668 313 1829 382 dare
1868 340 1886 383 z

317 420 386 477 et
435 405 506 475 id
561 429 713 473 cum
761 402 1118 473 manifesta
1155 402 1583 472 affectatione
1635 408 1889 492 (cujus

245 500 260 521 ³
315 496 416 567 rei
467 496 751 565 maxime
799 493 1101 563 cavenda
1154 493 1451 585 suspicio
1487 500 1693 577 est)‚'
1736 508 1887 564 tum

313 588 522 657 etiam
561 584 1012 655 similitudine
1060 583 1335 653 taedium
1379 608 1458 653 ac
1506 586 1890 654 satietatem

313 689 533 747 creat:
569 702 838 770 quoque
858 688 957 744 est
983 675 1275 759 dulcius,
1304 675 1514 767 magis
1548 680 1648 760 (1)
1670 676 1887 767 perit:

314 769 703 860 amittitque
755 779 824 836 et
875 765 1078 835 fidem
1103 819 1121 850 ‚
1163 778 1231 835 et
1272 767 1590 849 affectus,
1631 778 1891 837 motus-

312 885 445 951 que
473 882 706 929 omnes
729 911 747 942 ‚
769 858 887 949 qui
909 869 1015 926 est
1053 856 1125 925 iu
1150 856 1279 925 hac
1316 864 1475 926 cura
1504 857 1889 949 deprehen-

314 949 472 1025 sus:
520 974 647 1018 nec
705 959 928 1039 potest
975 948 1038 1017 ei
1089 947 1411 1031 credere,
1454 960 1571 1016 aut
1606 961 1891 1041 propter

313 1067 469 1111 eum
499 1041 733 1110 dolere
763 1053 832 1108 et
873 1039 1071 1108 irasci
1114 1038 1318 1126 judex
1340 1091 1357 1121 ‚
1391 1039 1500 1107 cui
1536 1052 1727 1131 putat
1754 1039 1893 1111 hoc

309 1158 573 1203 vacare.
603 1132 900 1225 Ideoque
955 1137 1054 1215 (2)
1108 1129 1307 1198 initia
1350 1128 1655 1221 quaedam
1690 1130 1886 1235 quasi

312 1224 638 1293 solvenda
689 1223 772 1293 de
821 1221 1158 1291 industria
1191 1233 1395 1303 sunt3
1455 1221 1571 1289 illa
1606 1221 1889 1315 quidem

312 1316 582 1384 maximi
621 1313 874 1392 laboris
903 1364 924 1394 ‚
967 1338 1054 1379 ne
1096 1311 1401 1393 laborata
1453 1312 1836 1382 videantur.

401 1405 536 1475 Sed
572 1429 795 1497 neque
831 1400 1297 1493 longioribus4
1342 1427 1543 1494 quam
1574 1416 1887 1496 oportet,

309 1496 694 1589 hyperbatis
756 1497 1214 1582 compositioni
1264 1494 1633 1563 serviamus
1662 1548 1682 1587 ²
1740 1522 1828 1565 ne
1858 1547 1884 1582 ,

361 1614 460 1656 uae
517 1592 661 1675 ejus
706 1587 918 1679 gi‘atia
961 1584 1356 1669 fecerimu5‚
1405 1598 1685 1677 propter
1734 1611 1885 1656 eam

310 1613 550 1749 ssecisse
598 1677 972 1747 videamur.
1010 1681 1098 1745 Et
1133 1687 1312 1744 certe
1344 1674 1609 1744 nullum
1647 1690 1881 1769 aptum

311 1782 515 1861 atque
581 1768 907 1837 idoneum
964 1765 1246 1841 verbum
1290 1768 1883 1857 praetermittemus

312 1861 531 1952 gratia
579 1858 902 1928 lenitatis.
961 1864 1195 1950 Neque
1256 1856 1439 1932 enim
1484 1858 1617 1928 erit
1666 1858 1884 1928 ullum

310 1964 448 2019 tam
497 1950 773 2020 difficile
800 2002 819 2033 ‚
868 1947 1052 2041 quod
1093 1975 1232 2017 non
1281 1949 1629 2020 commode
1668 1950 1880 2020 inseri

362 2042 552 2126 ossit,
578 2041 706 2111 nisi
725 2043 909 2135 quod
929 2040 1000 2110 in
1027 2039 1364 2109 evitandis
1384 2042 1715 2129 ejusmodi
1737 2068 1887 2112 ver-

309 2067 420 2202 ssis
460 2158 599 2202 non
628 2132 940 2202 decorem
970 2135 1456 2222 compositionis
1488 2133 1882 2224 quaerimus,

317 2223 434 2292 sed
469 2223 887 2292 facilitatem.

405 2319 561 2381 Non
589 2327 814 2382 tamen
843 2311 1180 2394 mirabor,
1218 2312 1503 2381 Latinos
1538 2313 1751 2417 magis
1780 2313 1887 2384 in-

315 2401 603 2472 dulsisse
681 2407 1140 2492 compositioni
1169 2455 1190 2484 ,
1278 2428 1479 2493 quam
1550 2410 1813 2488 Atticos
1864 2457 1885 2492 ‚

304 2495 622 2586 quamvis
665 2493 891 2563 minus
939 2494 1015 2566 in.
1049 2492 1273 2564 verbis
1318 2493 1616 2563 habeant
1666 2497 1887 2566 varie·-

315 2586 475 2656 tatis
533 2587 601 2655 et
649 2585 902 2678 gratiae.
951 2591 1094 2654 Nec
1148 2585 1391 2653 vitium·
1448 2585 1773 2662 dixerim,
1828 2587 1888 2657 si

317 2677 558 2746 Cicero
603 2703 640 2746 a
695 2675 1160 2747 Demosthene
1216 2675 1568 2768 paululum
1640 2677 1709 2746 in
1759 2677 1890 2748 hac

317 2780 510 2858 parte
535 2766 841 2836 descivit.
866 2767 998 2836 Sed
1033 2794 1177 2858 quae
1196 2767 1286 2836 sit
1308 2768 1705 2845 ,differentia
1738 2794 1892 2838 nos·-

430 2941 448 2973 ι
522 2922 624 2974 Alii
649 2923 818 2988 legunt
837 2923 1016 2990 perdit.
1039 2924 1284 2974 Mendum
1304 2923 1393 2974 hic
1411 2925 1617 2992 aliquod
1647 2943 1725 2974 sus
1763 2926 1890 2977 ioor.

423 3009 451 3039 ἰ
517 2991 859 3056 Saepenumero
887 2987 940 3038 in
977 2989 1231 3056 prooemiis
1266 2991 1555 3056 simplicitas
1578 3009 1676 3041 esse
1710 2943 1891 3042 dibet:

317 3073 434 3108 nam
469 3072 522 3104 ea
548 3053 704 3120 magis
737 3055 855 3102 solet
887 3055 1101 3120 irrepere
1136 3057 1191 3104 in
1228 3056 1417 3106 animos
1450 3056 1747 3108 auditorum.
1776 3057 1891 3108 luie

319 3119 474 3187 igitur
488 3132 574 3169 aut
597 3120 794 3170 numeri
812 3133 924 3168 sunt
945 3121 1177 3184 tollendi,
1200 3134 1283 3173 aut
1314 3134 1438 3172 certe
1472 3123 1768 3172 obscurandi
1787 3162 1803 3186 ‚
1824 3140 1892 3172 ne

318 3205 403 3307 its
421 3186 660 3264 intelligat
691 3185 856 3255 judex.
897 3186 1050 3242 Tum.
1083 3190 1181 3240 Pro
1194 3191 1372 3254 mitia,
1406 3187 1549 3238 multi
1571 3189 1767 3240 codices
1794 3185 1894 3238 ha-

383 3263 440 3304 nt
465 3263 640 3306 Vincta·
