2188 3757
379 169 510 242 204
807 162 982 226 LIB·
1039 161 1130 226 X.
1186 161 1371 225 Cn.
1410 161 1528 244 11.

377 245 566 339 sequi
595 247 1108 350 possem..Quid
1158 260 1385 316 tamen
1434 253 1715 350 noceret.
1744 301 1762 333 ‚
1813 249 1953 321 vim

380 344 706 421 Caesarm,
755 341 1186 431 asperitatem
1236 338 1472 424 Caelii,
1524 338 1955 431 diligentiam

375 429 713 498 Pollionis
739 481 757 512 .,
795 429 1131 519 judicium
1162 429 1349 499 Calvi
1377 481 1395 510 ,
1433 429 1950 522 quibusdam·in

379 519 550 590 locis
603 545 942 590 assumere
985 529 1011 589 ?
1050 527 1241 598 ¹Nam
1295 533 1537 612 praeter
1593 520 1706 605 id,
1742 521 1969 627 guod·

379 610 740 702 prudentis
777 623 926 695 est,
970 609 1154 703 quod
1190 612 1262 679 in
1304 637 1573 702 quoque
1620 629 1955 703 optimum

377 715 518 783 est,
555 701 608 770 si
647 703 901 792 possit,
945 727 1141 770 suum
1178 702 1439 785 sacere3
1474 717 1616 770 tum
1654 703 1724 770 in
1760 715 1957 772 tanta

377 792 476 862 rei
507 791 906 862 difficultate
937 817 1151 862 unum
1180 792 1556 884 intuentes,
1586 792 1693 862 vix
1720 792 1955 887 aliqua

378 902 532 975 pars
567 883 893 976 sequitur.
926 883 1223 975 Ideoque
1251 937 1270 968 ‚
1303 901 1457 952 c'um
1485 895 1701 952 totum
1728 885 1954 976 expri-

377 1000 609 1057 mere,
669 1000 869 1067 quem
915 975 1201 1064 elegeris
1236 1027 1254 1060 ‚
1316 985 1509 1065 pene
1546 975 1634 1043 sit
1682 975 1952 1045 homini

376 1066 850 1135 inconcessum
912 1091 933 1150 3
1004 1065 1303 1156 plurium
1374 1063 1554 1134 bona
1618 1091 1953 1156 ponamus

377 1170 536 1224 ante
573 1157 807 1226 oculos
835 1209 854 1238 ‚
894 1170 968 1225 ut
1015 1156 1205 1225 aliud
1250 1181 1329 1225 ex
1370 1156 1507 1225 alio
1538 1155 1832 1241 haereat,
1880 1169 1955 1226 et

373 1273 512 1340 quo
560 1248 850 1340 quicque
897 1247 1307 1329 conveniat,
1351 1259 1699 1338 aptemus„

468 1345 580 1406 lV.
627 1339 925 1405 Imitatio
965 1350 1191 1404 autem
1230 1344 1428 1420 (nam
1475 1338 1717 1428 saepius
1766 1335 1953 1408 idem

374 1425 645 1512 dicam)
675 1455 812 1498 non
846 1429 930 1496 sit
957 1441 1221 1496 tantum
1250 1429 1321 1497 iu
1341 1425 1585 1496 verbis.
1620 1428 1791 1497 Illuc
1826 1429 1952 1497 in·-

373 1518 718 1588 tendenda
757 1545 965 1602 mem,
999 1535 1329 1610 quantum
1358 1519 1565 1587 fuerit
1597 1519 1733 1587 illis
1763 1520 1948 1590 veris

376 1608 643 1679 decoris
707 1610 774 1680 in
835 1609 1036 1680 rebus
1081 1623 1283 1703 atque
1339 1610 1647 1702 personis
1683 1663 1703 1695 .,
1760 1610 1954 1703 quod

305 1698 314 1705 ’
377 1701 778 1784 consilium,
830 1727 973 1793 quae
1023 1700 1425 1792 dispositu),
1464 1727 1665 1792 quam
1714 1702 1952 1773 omnia

369 1793 622 1874 etiam,
669 1818 813 1883 quae
861 1791 1302 1860 delectationi
1340 1791 1702 1861 videantur
1748 1791 1949 1878 data,

369 1881 460 1949 'ad
499 1883 852 1951 victoriam
887 1894 1192 1971 spectent
1224 1908 1243 1966 ;
1275 1882 1442 1975 quid
1474 1896 1951 1975 agaturprooe·

369 1975 502 2041 mio
529 2025 546 2056 ‚
584 1998 728 2065 quae
769 1973 940 2040 ratio
981 1986 1042 2040 et
1091 2000 1295 2065 quam
1343 1974 1526 2042 varia
1570 1974 1947 2061 narrandi3

367 2090 516 2156 quae
559 2066 655 2132 vis
703 2063 1038 2155 probandi
1083 2091 1162 2134 ac
1213 2064 1624 2149 refellendi3
1682 2080 1945 2156 quanta
1998 2134 2003 2139 .

365 2155 442 2225 in
466 2154 818 2225 affectibus
839 2154 1056 2225 omnis
1069 2157 1338 2247 generis
1353 2155 1701 2225 movendis
1720 2156 1944 2226 scien-

362 2246 463 2313 tia
501 2299 518 2327 ‚
575 2255 674 2331 (ι)
729 2258 1116 2338 quantaque
1188 2247 1333 2315 laus
1398 2248 1540 2338 ipsa
1590 2246 1943 2337 popularis

363 2336 684 2405 utilitatis
732 2336 949 2425 gratia
995 2349 1385 2429 assumpta:
1448 2362 1593 2429 quae
1648 2348 1793 2405 'tum
1839 2354 1941 2407 est

363 2426 822 2517 pulcherrima
859 2479 877 2509 ‚
938 2452 1094 2495 >cum
1150 2427 1500 2519 sequitur,
1578 2453 1718 2497 non
1780 2454 1939 2499 cum

363 2520 752 2587 accersitur.
817 2524 980 2587 Haec
1042 2519 1097 2587 si
1164 2518 1724 2611 p1·aeviderimu8‚
1788 2528 1936 2589 tum

361 2634 517 2677 vere
567 2607 1008 2678 imitabimur.
1408 2658 1411 2665 -

455 2698 592 2785 Qui
636 2694 794 2769 verb
812 2700 1034 2768 'etiam
1067 2700 1341 2791 propria
1375 2699 1483 2769 his
1518 2699 1700 2771 bona
1733 2700 1936 2786 adje-

361 2789 530 2857 cerit
557 2841 573 2869 ,
613 2802 687 2857 ut
719 2790 1070 2879 suppleat,
1109 2817 1254 2949 ‘3ssae
1288 2791 1613 2876 deerant,
1647 2794 1933 2863 circum-
2006 2804 2011 2807 ’

357 2878 577 2962 ejulat,
610 2880 662 2947 si
699 2879 864 2969 quid
896 2878 1113 2948 redun
1170 2881 1352 2966 abit,
1390 2884 1445 2952 is
1476 2884 1604 2952 erit
1666 2890 1694 2967 (
1728 2908 1931 2974 quem

417 3069 499 3137 (1)
531 3068 702 3118 Malim
731 3068 889 3133 legere
912 3106 926 3132 ‚
946 3086 1205 3144 quamque.
1244 3070 1408 3134 Qu'am
1426 3072 1529 3121 laus
1553 3073 1657 3139 ipsa
1676 3070 1930 3139 popularis

351 3135 413 3185 ad
443 3134 698 3185 utilitatem
739 3152 889 3185 causae
917 3134 1177 3201 dirigatur.
1217 3138 1287 3185 Ut
1308 3140 1457 3203 paulo
1491 3138 1714 3204 superius
1738 3142 1926 3207 &quiem

350 3205 514 3250 onmia
534 3204 676 3249 etiam
697 3239 711 3263 ‚
735 3218 848 3269 quoe
880 3202 1193 3251 delectationi
1222 3200 1481 3254 videantur
1510 3204 1630 3253 daza
1650 3242 1664 3269 ,
1686 3206 1757 3253 ad
1773 3208 1926 3254 victo-

350 3270 473 3316 riam
495 3276 726 3333 spectent.

2126 3170 2135 3225 ἵ

2125 3394 2131 3421 l
