2188 3757
1379 43 1391 51 ·
1427 21 1496 79 s

544 247 677 314 DE
744 267 1089 314 canant
1146 258 1535 316 tirenum.
1689 251 1823 334 377

246 361 393 406 non
438 335 569 406 erit
617 335 747 405 hac
800 336 1142 406 calumnia
1194 336 1822 429 reprehendendus.

242 433 421 498 Nam
450 426 619 498 mihi
646 427 847 497 aliam
882 427 1239 520 quamdam
1271 425 1544 498 videtur
1568 427 1823 499 habere

241 531 563 595 natura-m
606 545 825 588 sermo
868 519 1208 612 vulgaris,
1259 519 1462 590 aliam
1499 519 1628 590 viri
1666 520 1823 589 elo-

244 611 521 702 quentis
552 611 812 680 oratio:
848 610 1003 702 qui,
1038 610 1092 679 si
1131 636 1236 680 res
1269 611 1573 681 indicare
1615 611 1818 681 modo

242 700 410 770 satis
444 715 653 784 esset,
691 701 864 770 nihil
894 701 1071 770 ultra
1104 702 1468 772 verb-orum
1512 703 1820 795 proprie-

238 803 453 861 tatem
499 792 881 862 elaboraret
909 819 924 860 :
954 793 1071 861 sed
1092 846 1110 876 ‚
1138 819 1290 862 cum
1325 794 1570 863 debeat
1603 793 1820 863 delec-

238 895 389 952 tare
423 937 441 966 ‚
490 909 798 967 movere,
852 883 922 951 in
966 883 1292 975 plurimas
1343 886 1646 954 animum
1698 909 1818 953 au-

238 971 515 1066 dientisx
539 975 799 1067 species
833 973 1184 1065 impellere
1210 1029 1229 1060 .,
1275 987 1505 1046 utetur
1537 976 1619 1045 iis
1655 1001 1818 1069 quo·

238 1089 375 1156 que
410 1065 809 1154 adjutoriis,
844 1091 991 1157 quae
1029 1066 1120 1135 ab
1151 1066 1385 1136 eadem
1421 1079 1578 1136 sunt
1613 1066 1815 1138 nobis

238 1181 560 1226 concessa
603 1170 867 1226 natura.
902 1164 1073 1226 Nam
1121 1170 1188 1226 et
1235 1156 1530 1230 lacertos.
1560 1158 1814 1250 cinerei·-⁴

234 1247 500 1317 tatione
536 1247 1005 1340 constringere
1032 1301 1052 1332 ‚
1086 1261 1153 1316 et
1184 1273 1434 1340 augere
1469 1250 1646 1320 vires
1675 1303 1695 1336 ‚
1745 1263 1816 1319 et

236 1337 539 1407 colorem
574 1340 879 1422 trahere,
913 1339 1224 1408 naturale
1257 1351 1378 1408 est.
1499 1357 1506 1362 ’

330 1428 625 1522 Ideoque
658 1429 728 1498 in
764 1429 1083 1499 omnibus
1114 1430 1436 1522 gentibus
1470 1429 1644 1501 alius
1673 1430 1812 1501 alio

234 1517 602 1590 facundior
645 1520 981 1602 habetur,
1032 1537 1100 1590 et
1145 1521 1532 1612 eloquendo
1589 1521 1810 1591 dulcis

232 1611 470 1702 magis.
506 1610 714 1700 Quod
746 1611 803 1678 si
846 1635 984 1678 non
1033 1611 1380 1695 eveniret,
1417 1637 1650 1680 omnes
1693 1638 1813 1704 pa·

232 1725 343 1770 res
394 1715 617 1772 essent
648 1754 666 1785 ‚
726 1712 795 1768 et
844 1699 1024 1770 idem
1085 1727 1319 1771 omnes
1379 1700 1670 1772 deceret.
1715 1709 1812 1772 At
1899 1745 1904 1750 ·

232 1791 651 1886 loquuntur,
697 1804 765 1861 et
803 1802 1071 1864 servant
1155 1783 1548 1862 ersonarum
1575 1791 1812 1863 discri-

231 1909 424 1952 men:
455 1885 547 1953 ita
574 1910 711 1977 quo
744 1883 1029 1976 quisque
1062 1819 1216 1975 plus
1243 1884 1448 1953 efficit
1476 1884 1806 1970 dicendo,

228 1972 365 2133 goe
394 1976 607 2067 magis
639 1976 1014 2045 secundum
1052 1988 1308 2044 naturae
1343 1976 1808 2068 eloquentiam

282 2077 422 2135 lctt.

323 2161 763 2247 Quapropter
792 2181 877 2225 ne
907 2153 1041 2223 illis
1062 2152 1346 2247 'quidem
1381 2155 1670 2225 nimium
1707 2181 1805 2226 re-

227 2272 462 2345 pugno
490 2301 509 2331 ,
538 2246 656 2340 qui
692 2245 992 2316 dandum
1028 2258 1274 2338 putant
1303 2245 1626 2314 nonnihil
1659 2272 1800 2317 esse

224 2350 363 2407 tem
416 2336 652 2407 oribus
704 2351 905 2430 atque
954 2336 1277 2421 auribus,
1340 2336 1628 2406 nitidius
1678 2338 1803 2407 ali-

224 2428 344 2521 qui
428 2441 631 2521 atque
674 2429 1055 2499 affectatius
1099 2427 1626 2519 postulantibus.
1666 2434 1798 2497 lta-

224 2544 359 2610 que
393 2546 531 2589 non
566 2518 787 2589 solum
821 2518 909 2589 ad
940 2521 1202 2609 priores
1233 2524 1562 2588 Catonem
1589 2525 1798 2589 Grac-

223 2610 558 2704 chosque‚
592 2610 711 2679 sed
745 2636 829 2680 ne
864 2608 951 2679 ad
985 2610 1109 2680 hos
1148 2609 1424 2702 quidem
1457 2622 1797 2680 oratorem

222 2701 648 2795 alligandum
681 2713 870 2793 puto.
890 2706 1115 2792 Atque
1143 2700 1214 2770 id
1237 2690 1471 2771 secisse
1497 2706 1595 2769 M.
1623 2702 1798 2771 Tul-

222 2791 663 2885 liumyideo‚
705 2806 780 2861 ut
816 2817 969 2861 cum
1002 2792 1232 2861 omnia
1264 2790 1596 2878 utilitati,
1649 2806 1795 2863 tum

215 2897 484 2976 partem
511 2884 876 2976 quamdam
909 2882 1350 2953 delectationi
1377 2882 1568 2953 daret
1593 2936 1612 2969 ,
1637 2908 1795 2953 cum

218 2988 293 3046 et
328 2976 541 3068 ipsam
576 3002 645 3045 se
680 2998 819 3043 rem
847 3000 1045 3080 agere
1080 2974 1340 3044 diceret
1374 2973 1656 3065 (agebat
1679 3000 1794 3043 au·

212 3082 359 3139 tem
414 3068 743 3151 maxime)
804 3064 1193 3157 litigatoris.
1245 3072 1415 3136 Nam
1465 3068 1593 3134 hoc
1644 3064 1791 3157 ipso

215 3159 582 3255 proderat,
617 3156 803 3252 quod
836 3156 1168 3250 placebat.

309 3252 421 3321 Ad
440 3255 635 3342 cujus
651 3249 1035 3342 voluptates
1049 3247 1223 3319 nihil
1243 3242 1558 3341 equidem
1571 3298 1589 3330 ,
1605 3245 1792 3339 quod

1689 3460 1708 3507 l
