2188 3757
526 304 656 371 Dr.
703 322 1038 369 emunt
1083 320 1475 369 mcum.
1660 303 1805 386 369

215 406 288 465 et
321 393 616 484 integri,
651 403 890 461 contra
922 388 1144 461 inflati
1178 389 1280 460 illi
1312 404 1379 459 et
1411 391 1655 460 inanes
1679 390 1803 459 ha-

214 484 590 568 heremum
615 496 682 553 et
703 482 774 551 in
804 482 912 553 his
943 480 1120 551 nihil
1148 480 1627 573 superflueret,
1662 480 1801 553 illis

216 575 556 666 judicium
593 575 878 643 maxime
912 600 991 642 ac
1019 572 1265 642 modus
1288 573 1573 643 deesset.
1594 572 1809 661 Quod
1908 634 1921 641 -

219 666 502 761 quidam
529 719 550 749 ‚
595 691 891 771 quorum
924 678 992 734 et
1033 671 1277 734 Santra
1313 676 1450 749 est,
1485 664 1619 733 hoc
1660 690 1807 756 pua

218 770 371 827 tant
419 757 784 841 accidisse,
831 756 1062 850 quod,
1114 755 1441 847 paulatim
1485 780 1805 825 sermone

222 874 442 941 graeco
466 849 535 919 in
555 849 892 941 proximas
911 848 1420 933 Asiae-civitates
1440 847 1806 933 influente4

221 939 534 1015 nondum
571 939 734 1015 satis
781 939 984 1031 periti
1033 938 1361 1031 loquendi
1411 938 1807 1008 facundiam

225 1031 756 1136 concupierint3
809 1029 1103 1123 ideoque
1154 1056 1277 1114 ea,
1330 1056 1475 1122 quae
1530 1030 1807 1123 proprie

223 1122 484 1214 signari
532 1128 562 1207 (
593 1147 618 1191 1
652 1122 1023 1214 )poterant
1047 1173 1066 1203 ‚
1130 1122 1421 1191 circuitu
1476 1122 1809 1213 coeperint

226 1212 624 1295 enuntiare,
663 1238 742 1283 ac
778 1212 1028 1283 deinde
1063 1213 1136 1281 in
1170 1238 1253 1282 eo
1283 1212 1805 1304 perseverarint.

320 1318 503 1389 Mihi
550 1334 776 1389 autem
821 1320 1155 1390 orationis
1202 1320 1658 1391 differentiam
1696 1321 1811 1390 fe-

228 1412 400 1489 eisse
451 1423 518 1479 et
558 1411 933 1482 dicentium
969 1425 1038 1481 et
1085 1411 1515 1483 audientium
1548 1426 1811 1483 naturae

229 1503 591 1585 videntur,
648 1502 834 1594 quod
879 1504 1090 1573 Attici
1144 1504 1360 1573 limati
1418 1504 1691 1595 quidem
1743 1516 1815 1573 et

229 1594 535 1664 emuncti
573 1593 749 1662 nihil
792 1594 998 1681 inane
1043 1606 1159 1663 aut
1212 1594 1605 1664 redundans
1640 1596 1817 1663 fere-

129 1762 134 1767 ·
229 1685 424 1755 bant.
458 1684 715 1759 Asiana
755 1710 920 1775 gens
944 1684 1280 1753 tumidior
1315 1684 1571 1777 alioqui
1604 1698 1837 1779 atque

206 1777 646 1867 jactantior,
689 1776 970 1847 vaniore
1016 1777 1223 1847 etiam
1272 1772 1547 1847 dicendi
1593 1776 1815 1871 gloria

233 1868 488 1938 inflata
517 1881 639 1939 est.

328 1977 644 2046 Tertium
677 2002 828 2044 mox
857 2029 875 2059 ‚
909 1977 1026 2067 qui
1055 1975 1199 2047 haec
1224 1977 1626 2049 dividebant
1649 2033 1668 2066 ,
1696 1979 1819 2052 ad-

233 2074 546 2159 jecerunt
580 2091 792 2161 genus
828 2066 1189 2137 rhodium:
1226 2069 1411 2160 quod
1444 2071 1631 2139 velut
1663 2099 1819 2142 me-

237 2161 432 2229 dium
487 2185 630 2230 esse
671 2171 872 2250 atque
901 2183 995 2252 „ex
1047 2171 1335 2252 utroque
1373 2159 1647 2230 mistum
1680 2190 1814 2232 vo-
1920 2165 1925 2170 ’
1969 2177 1971 2184 ’

239 2251 430 2320 lunt.·
465 2257 700 2344 Neque
750 2249 933 2318 enim
998 2249 1201 2320 attice
1256 2249 1523 2342 pressi,
1594 2278 1821 2346 nequa

240 2342 473 2411 asiane
504 2351 662 2410 sunt
689 2340 1149 2427 abundante5‚
1179 2355 1254 2410 ut
1281 2341 1542 2436 aliquid
1561 2341 1817 2416 habere

240 2431 608 2506 videantur
651 2433 872 2524 gentis
901 2486 920 2517 .,
976 2433 1237 2527 aliquid
1282 2436 1601 2504 auctoris.
1654 2443 1819 2506 AEs-

243 2523 482 2593 chines
531 2523 716 2594 enim
745 2576 763 2606 .,
809 2525 928 2616 qui
978 2525 1165 2594 hunc
1209 2525 1411 2594 exilio
1474 2521 1821 2620 dele’getat

243 2615 470 2684 locum
488 2669 507 2700 .,
537 2613 776 2684 intulit
806 2639 888 2684 eo
913 2617 1141 2685 studia
1165 2615 1619 2702 Athenarum,
1646 2647 1821 2714 quae,

242 2707 434 2776 velut
467 2720 611 2776 sata
645 2705 950 2798 quaedam
985 2707 1153 2777 coelo
1188 2718 1501 2801 terraque
1536 2709 1823 2806 degene-

245 2810 440 2882 rant,
493 2823 802 2890 saporem
867 2797 1062 2868 illum
1122 2798 1405 2868 atticum
1454 2805 1819 2896 peregrino

246 2889 692 2959 miscuerunt.
711 2890 914 2958 Lenti
942 2915 1106 2982 ergo
1126 2890 1402 2983 quidem
1423 2918 1500 2964 ac
1520 2896 1821 2982 remissi,

245 3006 389 3050 non
423 2981 570 3051 sine
602 2980 906 3074 pondere
942 2995 1172 3052 tamen
1208 3009 1223 3053 ε
1258 3009 1479 3078 neque
1512 2986 1821 3059 fontibus
1854 3045 1861 3050 .

313 3211 338 3270 (
357 3223 376 3255 1
401 3205 426 3272 )
454 3204 510 3257 si
533 3205 787 3273 peritiores
817 3205 1000 3273 linguae
1029 3207 1211 3260 Graecae
1238 3207 1459 3259 fuissent.
1484 3209 1609 3276 Legi
1632 3227 1825 3278 posset:

241 3270 432 3340 signdri
459 3289 562 3321 non
581 3283 824 3336 poterant.
854 3273 974 3338 Quae
1008 3275 1072 3322 ob
1098 3271 1277 3338 linguae
1308 3274 1487 3326 Graecae
1520 3277 1825 3354 imperitiam

244 3355 351 3388 non
375 3343 598 3406 poterant
617 3338 834 3406 propriis
856 3337 1017 3392 verffis
1036 3335 1347 3409 significare,
1378 3359 1433 3391 ea
1456 3341 1669 3397 circuitu
1694 3363 1829 3416 quo-

243 3402 363 3456 dam
397 3403 737 3472 enuntiabant.
911 3421 916 3425 ·
1380 3427 1384 3431 ·
