2188 3757
271 200 406 269 152
703 204 890 269 Iun.
938 206 1068 271 IX.
1118 206 1305 273 cn.
1352 208 1486 271 lv.

231 286 719 377 .versificat30‚
773 318 926 361 eum
963 291 1032 361 in
1070 293 1381 374 oratione
1436 296 1847 383 compositio.

267 381 546 471 Optime
572 396 798 452 autem
829 382 912 453 de
941 383 1057 453 illa
1090 383 1398 472 judicant
1425 410 1658 467 aureS,
1694 410 1845 489 quae

265 483 334 541 et
361 472 563 563 plena
590 474 916 558 sentiunt,
947 487 1014 543 et
1039 502 1277 568 parum
1298 475 1559 567 expleta
1584 474 1848 545 demde·-

239 576 461 648 ιΓειινιῐ,
499 576 563 633 et
599 564 884 659 fragosis
919 566 1402 647 offenduntur,
1450 578 1515 634 et
1570 565 1843 635 lenibus

175 736 180 740 ⁹
233 654 654 723 ,mulcentur
687 710 705 741 ,
763 669 830 725 et
895 658 1226 727 contortis
1278 656 1660 725 excitantur
1684 710 1703 740 ‚
1770 669 1846 727 et
1914 728 1927 752 ,

231 745 538 830 ,stabilia
585 748 922 838 probant,
982 747 1223 819 clauda
1267 747 1839 840 deprehendunt,

258 836 722 919 redundantia
757 854 824 907 et
875 838 1084 908 nimia
1120 839 1505 907 fastidiunt.
1540 839 1839 931 Ideoque

259 927 446 996 docti
481 929 834 999 rationem
883 930 1342 1022 componendi
1393 930 1835 1021 intelligunt,

259 1017 526 1089 indocti
573 1019 1014 1113 voluptatem.

355 1110 683 1198 Quaedam
717 1138 878 1181 vero
926 1125 1070 1181 arte
1120 1110 1299 1181 tradi
1349 1136 1488 1179 non
1527 1124 1834 1203 possunt.

255 1201 638 1271 Mutandus
674 1217 773 1273 est
812 1207 917 1291 (1)
949 1230 1179 1286 casus,
1218 1203 1271 1271 si
1301 1201 1541 1271 durius
1575 1202 1659 1286 is,
1696 1228 1835 1295 quo

257 1318 711 1383 coeperamus,
747 1296 1024 1363 feratur.
1059 1302 1267 1375 Num,
1302 1293 1373 1361 in
1396 1319 1594 1385 quem
1632 1306 1841 1363 tran-

255 1410 520 1453 seamus
570 1410 646 1453 ex
672 1384 859 1475 'qu0,
911 1385 1185 1477 praecipi
1236 1395 1520 1475 potest?
1566 1385 1835 1477 Figu‘rae

251 1472 597 1543 laboranti
633 1478 838 1545 etiam
873 1482 1332 1567 compositioni
1359 1477 1627 1545 variatae
1661 1502 1833 1568 saepe

255 1579 686 1637 succurrunt.
745 1577 916 1657 Quae
961 1578 986 1639 ?
1039 1594 1192 1637 cum
1248 1568 1620 1649 orationis,
1686 1579 1833 1637 tum

226 1657 461 1746 ‘etiam
513 1663 886 1729 sententiae.
948 1668 1130 1730 Num
1237 1659 1651 1751 raescriptum
1687 1663 1833 1749 ejus

249 1748 350 1817 rei
391 1749 605 1819 ullum
637 1762 782 1821 est?
817 1750 1179 1823 Occasioni
1240 1777 1315 1819 us
1350 1750 1683 1819 utendum
1710 1802 1727 1835 ‚
1764 1762 1835 1819 et

245 1864 406 1910 cum
441 1867 510 1912 re
549 1844 859 1934 praese-nti
894 1843 1438 1912 deliberandum.

341 1934 708 2004 Enimvero
743 1936 959 2028 spatia
999 1936 1141 2026 ipsa
1166 1987 1183 2018 ‚
1213 1960 1357 2026 quae
1394 1935 1462 2002 in
1501 1933 1630 2002 hac
1665 1932 1835 2025 qui-

248 2022 406 2096 dem
455 2039 646 2118 parte
685 2027 1056 2119 plurimum
1107 2025 1373 2108 valent,
1425 2023 1610 2130 quod
1660 2050 1832 2115 pos-

243 2131 434 2203 sunt,
472 2117 602 2187 nisi
637 2119 927 2201 aurium,
960 2118 1211 2187 habere
1244 2116 1627 2205 judicium?
1657 2121 1832 2184 Cum

244 2208 405 2286 alia,
432 2211 876 2301 paucioribus
923 2209 1149 2280 verbis
1206 2209 1381 2278 satis‘
1430 2206 1675 2298 plena,
1721 2206 1831 2276 vel

247 2301 540 2372 nimium
573 2355 591 2385 ,
642 2302 774 2370 alia
825 2300 1137 2392 pluribus
1173 2298 1405 2367 brevia
1436 2311 1503 2366 et
1535 2297 1831 2366 abscissa

247 2403 464 2462 sunt?
504 2398 642 2460 Cur
691 2392 759 2461 in
811 2388 1517 2460 circumductionibus
1545 2441 1563 2472 ,
1623 2389 1831 2457 etiam

248 2508 403 2551 cum
437 2510 674 2554 sensus
708 2482 945 2552 finitus
973 2495 1106 2566 est,
1143 2479 1404 2572 aliquid
1433 2493 1658 2548 tamen
1692 2479 1830 2550 loci

241 2600 485 2644 vacare
507 2575 824 2646 videtur?
848 2582 949 2661 (2)
973 2575 1317 2644 Neminem
1337 2574 1609 2642 vestrzim
1636 2577 1830 2662 igno-

178 2742 186 2750 ·
244 2692 398 2736 rore
426 2668 754 2752 arbitror,
773 2669 1038 2760 judices
1063 2721 1081 2750 ,
1115 2665 1288 2735 hunc
1308 2691 1433 2756 per
1458 2663 1652 2733 hosce
1684 2663 1829 2732 dies

243 2783 600 2827 sermonem
635 2759 844 2850 vulgi,
879 2771 1075 2850 atque
1107 2757 1280 2827 banc
1312 2759 1681 2846 opinionem
1701 2779 1829 2843 po·-

237 2847 391 2940 puli
407 2850 920 2940 romonz'fuisse.
941 2856 1081 2918 Cur
1108 2847 1301 2918 hosce
1327 2845 1554 2938 potius
1568 2898 1585 2929 ,
1608 2851 1825 2937 'quam

239 2937 416 3009 hos?
447 2945 683 3032 Neque
710 2940 893 3008 enim
927 2952 1073 3008 erat
1098 2964 1436 3028 asperum.
1458 2937 1826 3007 Rationem

240 3031 530 3102 fortasse
565 3057 704 3101 non
752 3029 1074 3114 reddam,
1126 3029 1417 3118 sentiam
1464 3053 1609 3098 esse
1670 3052 1825 3095 me-
1923 3054 1939 3067 ·

241 3251 276 3300 d
311 3187 408 3256 (ι)
448 3186 628 3238 Casum
653 3189 875 3256 intellige
903 3189 982 3241 vel
1002 3190 1267 3242 nominum
1284 3228 1301 3257 ,
1334 3187 1411 3239 vel
1442 3185 1607 3257 potius
1643 3183 1827 3266 perio-

258 3271 441 3387 ὀἱυαηῖ
460 3320 506 3370 3.
526 3321 675 3396 *Vena
701 3339 843 3373 num.
880 3338 924 3376 1.
