2188 3757
506 243 509 252 '
568 236 693 302 DE
746 253 1085 302 ennena
1127 253 1510 302 men-nm.
1651 228 1790 300 385

207 329 621 398 narrationis
650 376 669 408 ,
724 335 1257 415 argumentorum
1280 375 1300 410 ,
1357 327 1752 414 egressionis
1769 373 1793 406 ‚

203 419 682 512 perorationis,
713 415 1120 488 servabitur.

254 577 263 584 .
308 509 519 580 Dicet
572 508 755 578 idem
786 507 1129 600 graviter,
1176 531 1444 590 severe,
1510 505 1794 592 acriter,

215 601 682 681 vehementer,
702 599 1065 684 concitate,
1086 597 1380 692 copiose,
1405 623 1652 682 amare,
1671 623 1804 668 eo-

218 694 451 778 miter,
476 691 787 776 remisse,
816 689 1188 776 subtiliter,
1208 689 1484 774 blande,
1517 689 1802 776 leniter,
1881 723 1888 734 ·

220 782 887 868 dulciter,breviter,
926 781 1227 868 urbane3
1256 807 1395 851 non
1428 781 1682 872 ubique
1723 780 1812 850 si-

224 876 401 962 mul,
423 875 543 945 sed
570 873 964 968 ubicunque
983 899 1107 966 par
1123 873 1212 944 sit
1238 902 1254 943 ε
1277 873 1376 944 sic
1393 872 1508 942 fiet
1523 883 1668 942 tum
1697 871 1767 942 id
1787 925 1809 959 ,

226 981 515 1062 propter
554 965 742 1060 quod
789 966 1073 1036 maxime
1125 978 1436 1058 repertus
1483 977 1587 1034 est
1647 989 1814 1034 usus
1919 1031 1931 1036 -

160 1116 165 1121 .
224 1058 605 1143 orationis,
658 1072 739 1127 ut
770 1056 955 1128 dicat
988 1071 1056 1127 et
1106 1058 1409 1141 utiliter,
1447 1069 1520 1125 et
1552 1054 1638 1124 ad
1670 1057 1818 1126 effi-

232 1149 577 1221 ciendum.
616 1149 803 1242 quod
832 1149 1182 1231 intendit,
1221 1161 1540 1242 poten-ter
1595 1175 1610 1216 ε
1669 1161 1816 1218 tum

228 1241 511 1313 laudem
599 1267 823 1335 noque
851 1267 977 1311 nec
1011 1240 1372 1312 doctorum
1425 1238 1665 1326 mode,
1697 1239 1820 1310 sed

228 1333 445 1406 etiam
478 1359 567 1402 vu
599 1332 667 1424 gi
694 1345 1174 1426 consequetur.

330 1425 700 1496 Falluntur
718 1429 903 1494 enim
930 1424 1330 1517 plurimum,
1345 1421 1466 1517 qui
1493 1423 1823 1494 vitiosum

236 1531 313 1589 et
352 1529 753 1606 corruptum
810 1515 1087 1586 dicendi
1149 1541 1406 1608 genus,
1463 1515 1648 1608 quod
1705 1525 1826 1584 aut

237 1607 609 1681 verborum
646 1606 925 1678 licentia
976 1607 1304 1691 resultat,
1358 1619 1478 1676 aut
1525 1606 1828 1697 puerili-

238 1701 375 1775 hus
420 1699 859 1770 sententiolis
920 1697 1236 1784 lascivit,
1287 1711 1406 1767 aut
1457 1698 1826 1768 immodico

243 1806 521 1865 tumore
552 1791 880 1885 turgescit
902 1844 921 1876 ,
954 1803 1073 1860 aut
1108 1790 1434 1862 inanibus
1462 1790 1630 1860 locis
1671 1790 1834 1861 bac-

246 1885 497 1957 chatur
520 1937 539 1969 ,
573 1897 693 1953 aut
752 1884 1007 1954 casuris
1032 1937 1051 1969 ,
1086 1886 1141 1954 si
1187 1884 1429 1955 leviter
1483 1883 1836 1955 excutian-

247 1988 397 2059 tur,
423 1973 727 2051 flosculis
760 1975 937 2043 nitet
959 2026 977 2057 ,
1006 1988 1124 2043 aut
1160 1974 1534 2079 praecipitia
1565 2001 1692 2065 pro
1721 2002 1836 2045 su-

253 2068 587 2141 blimibus
623 2064 869 2150 habet,
926 2064 1301 2156 autspecie
1338 2064 1675 2134 llbertatis
1731 2068 1840 2136 in-

254 2158 479 2244 sanit,
523 2155 1192 2249 magis‘existimant
1252 2156 1582 2250 populare
1631 2170 1840 2251 atque

253 2249 654 2346 plausibile.
710 2248 921 2338 Quod
956 2248 1235 2340 quidem
1273 2248 1538 2342 placere
1585 2250 1846 2336 multis,

261 2368 397 2413 nec
440 2339 714 2411 inficior
740 2394 759 2425 ,
792 2366 919 2411 nec
951 2341 1186 2411 miror.
1219 2346 1342 2411 Est
1372 2340 1556 2409 enim
1600 2346 1847 2431 jucun-

266 2433 487 2505 dioris
530 2458 607 2504 ac
662 2432 1112 2525 favorabilior
1160 2432 1657 2539 qualiscunque
1691 2429 1865 2503 elo-'

264 2524 597 2619 quentiae3
632 2537 701 2594 et
732 2523 925 2594 ducit
956 2526 1222 2595 animos
1267 2524 1564 2593 naturali
1615 2526 1854 2618 volup-

266 2630 411 2689 tate
442 2641 568 2685 vox
598 2616 856 2701 omniS,
885 2641 1106 2722 neque
1140 2615 1416 2686 aliunde
1455 2614 1554 2683 illi
1589 2642 1712 2709 per
1738 2618 1858 2689 fo-

266 2735 353 2780 ra
377 2721 578 2801 atque
606 2733 921 2800 aggerem
946 2708 1225 2779 circuli:
1257 2706 1444 2799 quod
1483 2707 1710 2779 minus
1731 2709 1858 2780 mi·-

270 2826 431 2874 rum
458 2812 560 2869 est
584 2852 603 2882 ,
628 2798 815 2891 quod
848 2798 1025 2869 nulli
1056 2825 1200 2871 non
1220 2800 1572 2892 agentium
1621 2812 1858 2894 parata

272 2891 466 2983 vulgi
500 2915 757 2960 corona
789 2903 912 2960 est.

373 2982 513 3053 Ubi
548 3008 709 3051 vero
726 2982 908 3087 ‘quid
938 2981 1345 3076 exquisitius
1387 2982 1654 3071 dictum²
1685 2985 1865 3055 acci-

279 3073 391 3146 dit
423 3073 1589 3179 auribusanpe·ritorum,qualecun
1642 3102 1726 3145 ue
1755 3078 1867 3163 id,
1969 3134 1982 3141 .

178 3184 183 3187 “
282 3164 1622 3261 quodmodosetpstpossedesperent‚ha
1677 3170 1872 3246 etad-

283 3254 749 3342 mirationem,
770 3282 990 3351 neque
1014 3256 1388 3341 immerito3
1409 3282 1565 3327 nam
1587 3284 1672 3331 ne
1693 3259 1872 3332 illud

286 3348 572 3444 quidem
636 3347 835 3417 facile
893 3361 1017 3421 est.
1068 3346 1203 3421 Sed
1257 3363 1674 3428 evanescunt
1727 3351 1874 3425 haec

486 3439 691 3511 Tome
742 3439 834 3512 II.
1535 3446 1602 3514 R
