2188 3757
370 166 502 230 208
765 162 950 225 Lus.
1011 159 1103 222 X.
1154 157 1331 222 Gn.
1390 157 1530 221 111.

418 275 500 319 ue
528 302 547 333 ‚
596 259 672 316 ut
711 247 782 315 in
833 245 1090 316 familia
1124 245 1299 312 bene
1337 243 1688 324 instituta,
1730 241 1802 312 in
1839 244 1945 314 of·-

367 277 528 410 acio
561 352 785 408 erunt.
817 345 1089 406 Summa
1122 335 1266 404 haec
1290 347 1391 403 est
1422 335 1557 404 rei:
1590 333 1737 403 Cito
1764 333 1945 404 scri-

365 433 579 502 bendo
612 432 846 518 nonsit
866 481 881 512 ,
908 443 980 496 ut
1011 427 1168 498 bene
1194 426 1527 496 scribatur
1542 452 1565 496 .·
1596 425 1756 494 bene
1784 431 1925 496 scri

367 523 579 594 hendo
593 522 724 609 fil,
759 533 832 589 ut
860 525 1010 590 cito,
1916 543 1923 549 ·

457 613 592 686 Sed
625 626 768 681 tum
799 611 1113 694 maxime,
1136 629 1289 678 cum
1316 605 1601 676 facultas
1638 606 1758 676 illa
1782 633 1947 678 con·

365 703 642 796 tigerit,
691 703 1123 784 resistamus,
1164 725 1244 768 ac
1289 697 1767 789 provideamus
1800 751 1819 781 ‚
1876 712 1949 768 et

366 796 774 866 ferocientes
805 819 1014 886 equos
1051 791 1263 860 frenis
1296 789 1705 881 quibusdam
1750 800 1943 859 co'e‘r-

365 885 862 979 ceamustqupd
889 909 1026 953 non
1053 895 1192 950 tam
1224 905 1479 949 moram
1496 881 1943 974 faciet,quam

366 1003 580 1048 novos
613 978 904 1068 impetus
930 973 1144 1044 dabit.

399 1097 406 1102 ·
488 1075 598 1138 111.
646 1075 790 1138 Nec
837 1066 1024 1136 enim
1073 1091 1305 1134 rursus
1358 1089 1516 1146 eos,
1556 1061 1674 1155 qui
1730 1061 1945 1133 robur

367 1159 648 1252 aliquod
704 1160 776 1228 in
839 1157 1016 1249 stylo
1060 1157 1345 1226 fecerint
1384 1207 1402 1237 ‚
1468 1152 1945 1224 ad-infelicem

369 1248 834 1321 calumniandi
891 1275 959 1318 se
994 1273 1259 1340 poenam
1308 1244 1693 1336 'alligandos
1749 1257 1940 1336 puto.

365 1348 538 1412 Nam
572 1339 913 1433 quomodo
968 1340 1272 1408 sufficere
1324 1336 1637 1406 civilibus
1700 1337 1945 1406 officiis

366 1432 581 1536 possit
622 1483 640 1515 ‚
712 1431 829 1524 qui
893 1429 1183 1522 singulis
1244 1433 1572 1498 actionum
1634 1427 1945 1519 partibus

367 1535 751 1592 insenescat
792 1530 818 1590 ?
1530 1537 1540 1552 ·

456 1621 630 1684 Sunt
661 1626 916 1695 autem,
961 1610 1209 1704 quibus
1236 1608 1409 1679 nihil
1444 1610 1531 1678 sit
1562 1608 1722 1678 satis
1748 1634 1768 1693 3
1795 1636 1942 1679 om-

365 1704 485 1774 nia
532 1717 840 1788 mutare,
885 1703 1115 1772 omnia
1158 1702 1357 1770 aliter
1410 1701 1637 1768 dicere
1671 1753 1687 1784 ,
1734 1727 1939 1792 quam

365 1797 710 1878 occurrit,
743 1795 993 1876 velint;
1026 1791 1360 1860 increduli
1398 1789 1674 1883 quidam
1696 1843 1713 1875 ‚
1750 1805 1817 1860 et
1850 1792 1938 1861 de

365 1887 646 1980 ingenio
681 1911 804 1954 suo
847 1884 1133 1976 pessime
1171 1882 1435 1966 meriti,
1531 1885 1599 1951 ui
1643 1883 1762 1951 dili
1818 1910 1941 1954 en-

364 1978 529 2047 tiam
581 1988 864 2069 putant,
925 1975 1145 2043 facere
1192 1974 1320 2043 sibi
1378 1908 1717 2043 scr?bendi
1759 1911 1941 2043 ‹iiffi-

365 2069 710 2138 cultatem.
743 2075 882 2136 Nec
897 2078 1283 2171 promptum
1316 2078 1415 2133 est
1442 2064 1667 2134 dicere
1691 2118 1707 2148 ‚
1744 2078 1937 2137 utros

341 2185 643 2253 peccare
709 2159 1004 2229 validius
1067 2172 1342 2249 putem,
1402 2155 1648 2247 quibus
1702 2159 1937 2228 omnia

366 2276 485 2319 sua
549 2251 864 2343 placent,
933 2275 1016 2317 an
1083 2247 1333 2339 quibus
1400 2246 1595 2315 nihil.
1660 2248 1944 2319 Accidit

362 2343 543 2411 enim
574 2342 775 2411 etiam
810 2340 1187 2433 ingeniosis
1222 2335 1767 2419 adolescentibus
1799 2341 1935 2408 fre-

363 2446 688 2524 quenter,
748 2444 823 2500 ut
872 2431 1101 2501 labore
1162 2444 1689 2512 consumantur,
1746 2431 1931 2501 etin

363 2524 711 2593 silentium
762 2549 970 2616 usque
1027 2519 1445 2591 descendant
1494 2520 1702 2589 nimia
1750 2520 1931 2593 bene

361 2614 638 2684 dicendi
705 2615 1102 2706 cupiditate.
1164 2619 1318 2700 Qua
1374 2610 1455 2680 de
1516 2636 1587 2680 re
1646 2612 1930 2682 memini

359 2730 668 2774 narrasse
721 2707 885 2777 mihi
937 2705 1203 2776 ,Iulium
1246 2702 1633 2781 Secundum
1686 2702 1929 2789 illum,

359 2796 684 2886 aequalem
731 2822 992 2879 meum,
1035 2811 1235 2887 atque
1288 2820 1325 2861 a
1373 2820 1516 2876 me,
1567 2807 1640 2861 ut
1688 2807 1931 2864 notum

359 2899 504 2968 est,
543 2885 972 2955 familiariter
1001 2880 1341 2968 amamus,
1377 2885 1557 2953 mirae
1593 2884 1929 2955 facundiae

356 2976 623 3062 virum,
669 2974 948 3045 infinitae
997 2990 1225 3045 tamen
1270 3000 1483 3067 curae‚
1534 2976 1699 3067 quid
1751 2990 1929 3047 esset

357 3066 489 3137 sibi
536 3093 574 3135 a
623 3081 865 3160 patruo
919 3094 1042 3135 suo
1094 3066 1477 3135 dictum..ls
1523 3066 1653 3135 suit
1692 3068 1925 3139 Julius

357 3157 652 3241 Florus,
707 3159 774 3226 in
825 3158 1216 3251 eloquentia
1272 3157 1644 3227 Galliarum
1700 3161 1925 3251 (quo-

358 3247 544 3323 niam
579 3250 671 3321 ibi
704 3250 976 3320 demum
1011 3250 1311 3321 exercuit
1343 3258 1533 3336 eam)
1570 3250 1920 3345 princeps,
