2188 3757
428 184 513 252 16
806 181 991 248 Lm.
1052 181 1224 247 vll.
1273 181 1464 247 CAP.
1529 181 1582 246 1.
1989 235 1994 242 .

424 272 646 354 ditur,
684 266 891 340 etiam
904 268 963 340 si
988 280 1272 361 uterque
1298 267 1428 339 sibi
1457 281 1675 338 totum
1695 265 2020 342 vindica-

423 375 531 432 ret
553 413 573 446 ‚
606 385 793 432 nunc
824 361 1081 452 utique,
1109 385 1263 430 cum
1297 359 1470 430 alter
1503 366 1604 445 (1)
1633 359 2016 446 semissem,

426 453 600 527 atter
650 452 966 523 universa
998 501 1021 535 ,
1069 451 1278 520 fratre
1329 451 1622 522 excluso.
1655 450 1838 535 Sed,
1897 451 2017 521 his

425 544 776 628 tractatis,
826 543 1030 613 etiam
1076 542 1284 616 habet
1314 567 1634 634 magnum
1682 567 2018 614 momen-

425 647 575 705 tum
606 635 790 727 apud
838 631 1102 723 judices
1151 634 1362 726 patris
1411 634 1736 704 memoria
1780 685 1799 718 ‚
1849 659 2016 704 cum

428 727 799 820 praesertim
858 725 943 795 de
992 724 1194 795 bonis
1243 729 1389 814 ejus
1435 723 1798 819 quaeratur.
1853 726 2018 794 Erit

388 887 395 900 ,
430 845 595 910 ergo
631 822 1034 908 conjectura;
1064 842 1196 910 qua
1221 828 1427 886 mente
1447 828 1644 908 pater
1663 821 2018 888 intestatus

428 911 791 982 decesserit.
832 908 965 978 Sed
992 933 1069 976 ea
1104 908 1404 1000 pertinet
1445 908 1534 978 ad
1575 907 1970 1001 qualitatem
1991 959 2013 993 ‚

430 1027 577 1096 quae
610 1001 891 1070 alterius
922 1011 1134 1070 status
1168 1000 1696 1070 instrumentum
1729 1011 1854 1068 est.

520 1093 933 1186 Plerumque
968 1105 1196 1161 autem
1235 1091 1306 1161 in
1357 1089 1494 1160 fine
1523 1115 1874 1160 causarum
1923 1089 2013 1160 de

380 1253 390 1268 ,
431 1186 747 1277 aequitate
784 1183 1227 1267 tractabitur,
1265 1182 1427 1274 quia
1467 1181 1642 1252 nihil
1677 1181 2014 1252 libentius

429 1275 695 1366 judices
736 1275 1050 1344 audiunt.
1101 1273 1212 1342 Ali
1270 1271 1498 1342 uando
1539 1286 1767 1343 tamen
1819 1272 2014 1342 hunc

434 1366 747 1438 ordinem
791 1363 1081 1434 mutabit
1125 1299 1430 1432 ιιὶὶῗίῒειεε
1467 1377 1588 1449 ut,
1635 1365 1690 1433 si
1739 1364 1810 1433 in
1857 1370 2013 1456 jure

432 1457 661 1528 minus
688 1455 953 1525 fiduciae
974 1454 1144 1538 erit,
1173 1454 1488 1560 aequitate
1517 1454 1814 1542 judicem
1843 1481 2015 1546 prae-

433 1573 770 1653 paremus.
819 1546 1010 1616 Nihil
1047 1545 1279 1652 ‘habm
1329 1546 1665 1638 amplum,
1699 1546 1888 1640 quod
1935 1547 2010 1616 in

435 1665 834 1712 universum
867 1663 1371 1732 praeciperem...

556 1739 700 1816 vn.
724 1738 898 1802 Sunt
918 1731 1256 1823 pleraquae
1293 1728 1629 1818 ejusmodi
1657 1781 1676 1814 ,
1701 1753 1848 1822 quae
1873 1727 2012 1798 nisi

434 1824 787 1917 proposita
813 1875 832 1908 ‚
866 1821 951 1892 de
976 1847 1110 1915 qua
1137 1821 1508 1893 dicendum
1544 1832 1668 1905 est,
1694 1819 1974 1891 materia
1994 1819 2022 1907 ,’

434 1915 615 1986 viam
668 1913 958 1985 docendi
1002 1939 1146 1983 non
1203 1914 1568 2005 praebeant.
1617 1920 1776 1983 Non
1827 1911 2014 1981 enim

436 2032 643 2077 causa
665 2007 975 2077 universa
996 2005 1067 2075 in
1092 2005 1498 2097 quaestiones
1518 2030 1598 2075 ac
1612 2003 1792 2075 locos
1817 2002 2016 2073 didu-

412 2146 419 2151 -
438 2098 653 2169 cende
673 2111 770 2167 est
796 2123 813 2167 ε
831 2096 947 2167 sed
964 2098 1063 2166 hae
1086 2096 1244 2189 ipsae
1261 2111 1486 2189 partes
1496 2096 1756 2165 habent
1779 2118 2014 2163 rursus

440 2189 751 2260 ordinem
788 2194 1192 2258 suum.Nam
1221 2188 1372 2257 etin
1382 2191 1700 2278 proaemio
1717 2185 2012 2278 primum

437 2293 541 2351 est
572 2278 871 2373 aliquid,
902 2292 969 2351 et
995 2279 1370 2349 secundum
1401 2332 1416 2360 ,
1448 2304 1526 2348 ac
1550 2278 1895 2367 deinceps.
1927 2282 2017 2346 Et

438 2372 721 2465 quaestio
748 2371 973 2439 omnis
1002 2394 1080 2439 ae
1111 2368 1297 2440 loeus
1325 2369 1530 2439 habet
1564 2371 1756 2439 stiam
1787 2368 2017 2460 dispo-

440 2462 793 2547 sitionem,
826 2474 903 2530 ut
944 2460 1154 2532 theses
1183 2460 1388 2529 etiam
1433 2461 1558 2529 sim
1611 2460 1798 2530 lices.

454 2595 459 2603 -
530 2559 655 2623 Est
686 2566 755 2625 et
796 2553 968 2638 hoe,
1006 2550 1194 2645 quod
1227 2552 1520 2642 scriptor
1599 2562 2018 2623 emonstrare

442 2672 584 2717 non
620 2647 871 2737 possit,
911 2646 1043 2715 nisi
1082 2657 1266 2715 certa
1295 2698 1312 2725 ‚
1357 2643 1765 2735 difinitaque
1807 2646 2019 2711 mete-

444 2738 569 2807 ria.
592 2736 724 2805 Sed
750 2735 916 2829 quid
939 2762 1073 2805 una
1109 2736 1313 2805 faciat
1334 2786 1352 2818 ‚
1379 2748 1500 2803 aut
1531 2734 1790 2801 altera?
1815 2734 2017 2825 quin-

444 2830 585 2899 imo
662 2840 937 2898 centum
998 2852 1076 2895 ac
1133 2826 1320 2893 mille
1355 2878 1372 2907 ,
1448 2824 1522 2893 in
1572 2850 1642 2893 re
1703 2823 1970 2893 infinita
1997 2876 2018 2909 ‚

440 2918 903 3011 Praeceptoris}
921 2929 1021 2987 est
1050 2970 1069 3000 ‚
1113 2917 1184 2986 in
1207 2915 1344 2985 alio
1377 2930 1577 3009 atque
1605 2914 1740 3014 alio
1773 2942 2018 3007 genere

512 3047 599 3113 (ι)
640 3044 859 3095 Mediam
886 3054 1074 3111 partem
1117 3039 1425 3091 haercditatis.
1454 3041 1898 3093 Veteres'volenten.
1932 3042 2020 3093 ati-

444 3113 573 3181 quid
590 3110 810 3163 dividere
830 3110 881 3159 in
904 3120 1061 3176 partes
1074 3146 1091 3172 ‚
1109 3122 1164 3156 ut.
1178 3108 1505 3159 haereditatem
1522 3146 1538 3173 ,
1557 3123 1604 3159 et
1621 3107 1824 3176 quidvis
1840 3108 2019 3173 simite,

444 3179 503 3229 id
530 3195 685 3227 assem
713 3178 1107 3244 appellaverunt,
1134 3187 1180 3223 et
1197 3187 1352 3241 partes
1374 3176 1560 3223 uncias.
1583 3176 1780 3226 Constat
1795 3186 1949 3223 autem
1968 3194 2020 3223 as

459 3244 635 3292 domim
654 3243 726 3291 im
754 3242 936 3295 unciis·
959 3240 1110 3294 Unde
1151 3258 1217 3293 ex
1239 3256 1350 3293 asse
1375 3240 1532 3295 hoeres
1566 3240 1752 3294 dieitur
1785 3236 1876 3309 qui
1898 3240 2024 3292 solus

446 3320 523 3364 est
537 3306 709 3365 hares.
