2188 3757
335 275 460 342 192
751 257 932 321 Lu.
989 258 1081 322 X.
1130 257 1325 322 Car.
1380 259 1432 322 1.

324 351 359 426 v(
387 357 462 413 ut
493 340 588 412 ait
609 342 950 412 Pindarus
981 351 1010 428 )
1047 367 1255 437 aqvas
1300 343 1601 436 colligit,
1637 343 1758 415 sed
1782 345 1904 426 ,vi-

313 459 408 503 vo
441 435 710 526 gurgite
747 434 1088 520 exundat,
1150 434 1333 503 dono
1386 434 1681 527 quodam
1740 462 1903 527 pro-

321 524 642 594 videntiae
677 525 948 617 genitus
975 579 996 609 .,
1035 526 1107 594 in
1132 548 1267 618 quo
1304 539 1480 595 totas
1534 526 1711 598 vires
1744 553 1903 596 suas

323 615 718 708 eloquentia
753 617 1196 708 experiretur.

351 695 368 720 ‘
415 713 587 776 Nam
636 707 786 798 quis
831 706 1076 776 docere
1128 705 1565 810 diligentius,
1624 729 1901 776 movere

321 795 794 866 vehementius
890 807 1117 867 otest?
1165 803 1291 865 Cur
1351 809 1543 866 tanta
1595 821 1902 889 unquam

319 887 717 977 jucunditas
770 823 964 958 aflpuit
993 897 1018 957 ἰ’
1049 899 1127 956 ut
1186 887 1331 980 ipsa
1374 886 1533 972 illa,
1566 913 1712 979 quae
1767 911 1900 954 ex-

323 991 598 1071 torquet
623 1031 640 1063 ,
678 979 1040 1072 impetrare
1075 1003 1230 1047 eum
1275 977 1511 1046 credas
1535 1029 1552 1061 ‚
1580 991 1685 1060 et,
1742 1000 1903 1048 cum

325 1081 785 1140 transversum
811 1071 878 1139 vi
907 1094 1026 1140 sua
1056 1069 1352 1160 judicem
1403 1068 1617 1152 ferat,
1664 1081 1901 1137 tamen

323 1159 443 1230 ille
469 1185 609 1230 non
637 1161 782 1252 rapi
818 1159 1169 1243 videatur,
1226 1158 1343 1229 sed
1374 1157 1587 1250 sequi.
1622 1166 1777 1230 Jam
1822 1160 1900 1228 in

289 1251 682 1334 omnibus,
741 1277 888 1343 quae
920 1251 1127 1334 dicit,
1154 1263 1343 1320 tanta
1385 1249 1753 1319 auctoritas
1792 1250 1903 1319 in·

323 1353 474 1424 est,
511 1354 586 1409 ut
641 1341 1004 1410 dissentire
1037 1341 1335 1432 pudeat;
1399 1365 1528 1410 nec
1582 1340 1901 1411 advocati

323 1429 665 1515 studium,
725 1431 842 1500 sed
867 1433 1058 1502 testis
1091 1430 1479 1521 autiudicis
1538 1433 1777 1502 afferat
1823 1431 1905 1499 fi-

321 1521 500 1591 dem.
539 1529 709 1591 Cum
745 1522 1018 1592 interim
1072 1521 1212 1592 haec
1258 1521 1525 1604 omnia,
1585 1549 1731 1616 quae
1786 1521 1903 1593 vix

324 1612 594 1703 singula
630 1614 987 1706 quisquam
1033 1612 1487 1683 intentissima
1520 1638 1682 1683 cura
1734 1637 1903 1683 con-

325 1704 514 1796 sequi
560 1717 830 1863 posset,
863 1705 1087 1773 fluunt
1152 1702 1545 1773 illaborata:
1600 1716 1671 1776 et
1724 1703 1843 1772 illa
1880 1756 1904 1788 ,

321 1820 455 1888 qua
491 1795 560 1863 ni
619 1796 666 1864 il
700 1795 1052 1889 pulchrius
1078 1795 1320 1864 auditu
1346 1807 1482 1878 est,
1514 1794 1735 1865 oratio
1761 1819 1903 1888 prae

321 1912 392 1955 se
455 1884 586 1959 fert
659 1899 884 1955 tamen
927 1886 1390 1955 felicissimam
1469 1886 1897 1957 facilitatem.

321 1983 554 2064 Quare
581 2002 723 2045 non
751 1976 1090 2047 immerito
1134 1977 1218 2046 ab
1246 1976 1640 2047 hominibus
1679 1977 1903 2047 aetatis

317 2092 457 2136 suae
478 2092 763 2160 regnare
781 2070 848 2139 in
865 2067 1142 2157 judiciis
1156 2068 1379 2138 dictus
1392 2080 1522 2137 est:
1543 2068 1725 2159 apud
1746 2093 1903 2160 pos-

319 2171 504 2227 teros
539 2185 699 2230 vero
746 2160 816 2229 id
843 2172 1289 2243 consecutus,
1332 2172 1405 2227 ut
1458 2157 1699 2229 Cicero
1756 2161 1901 2247 jam

321 2274 463 2318 non
497 2249 833 2335 hominis,
863 2251 982 2320 sed
1021 2250 1429 2343 eloquentiae
1470 2274 1719 2318 nomen
1775 2248 1904 2318 ha-

319 2338 586 2409 beatur.
613 2348 822 2411 Hunc
855 2341 1067 2411 icitur
1091 2353 1469 2433 spectemus
1508 2368 1523 2409 τ
1559 2339 1690 2409 hoc
1735 2364 1903 2432 pro-

318 2432 619 2520 positum
651 2432 737 2501 sit
779 2458 872 2501 no
926 2432 980 2500 is
1008 2430 1421 2523 exemplum·
1447 2431 1570 2500 Ille
1626 2456 1695 2500 se
1732 2456 1899 2522 pro-

318 2521 559 2593 fecisse
593 2524 798 2609 scint,
836 2523 944 2593 cui
979 2524 1219 2593 Cicero
1251 2521 1445 2591 valde
1480 2521 1799 2615 placebit.

407 2615 635 2683 Multa
707 2615 778 2685 in
849 2613 1092 2685 Asinio
1148 2612 1462 2682 Pollione
1530 2612 1839 2681 invent-io
1872 2664 1901 2697 ‚

319 2727 580 2806 summa
643 2705 1046 2798 diligentia:
1110 2703 1281 2775 adeo
1336 2715 1412 2772 ut
1480 2702 1900 2861 qluibusdam

319 2804 538 2863 etlam·
575 2796 787 2864 nimia
835 2795 1185 2879 videatur3
1216 2807 1287 2865 et
1324 2794 1511 2863 consi
1548 2793 1594 2863 ii
1631 2806 1701 2863 et
1744 2793 1919 2875 ani-⁶

318 2882 414 2951 mi
445 2884 606 2953 satis
641 2910 656 2952 :
700 2911 738 2953 a
791 2887 1013 2965 nitore
1046 2900 1114 2955 et
1148 2885 1577 2975 jucunditate
1626 2884 1903 2954 Cicero·-

317 2973 427 3042 nis
461 2973 553 3043 ita
585 2975 785 3067 longe
819 2975 1045 3058 abest,
1082 2988 1157 3045 ut
1192 2974 1407 3044 videri
1442 2974 1653 3067 possit
1700 3000 1899 3044 secu-

317 3064 388 3132 lo
421 3065 630 3156 prior.
672 3072 762 3135 At
787 3066 1080 3136 Messala
1114 3065 1375 3135 nitidus
1404 3078 1474 3135 et
1524 3064 1896 3151 candidus,

315 3167 386 3224 et
419 3156 920 3247 quodammodo
954 3182 1087 3249 prae
1112 3183 1181 3226 se
1220 3158 1442 3227 ferens
1479 3156 1547 3225 in
1594 3155 1896 3227 dicendo

259 3312 266 3318 .
314 3245 747 3319 nobilitatem
779 3275 966 3321 suam
987 3303 1008 3335 ‚
1034 3247 1300 3319 viribus
1345 3247 1592 3316 minor.
1620 3254 1694 3316 C.
1727 3272 1893 3317 vero

315 3340 538 3408 Caesar
561 3340 617 3411 si
655 3342 806 3413 foro
841 3354 1110 3414 tantum
1142 3350 1487 3427 vacasset,
1518 3363 1660 3410 non
1710 3336 1893 3409 alius

1809 3452 1895 3499 ex
